2468 4312
415 256 476 298 us.
498 256 519 298 1.
564 254 633 298 car.
656 231 792 299 35-39.
1077 235 1116 299 19

81 386 258 455 obsidibus
282 387 523 474 quidem'datis
547 388 681 474 ²pacem
703 387 862 453 Ariovisti
883 387 1044 453 redimere
1055 410 1115 473 po·

80 476 203 538 tuisse:
237 473 388 539 ³Treviri
415 482 539 550 autem,
572 495 678 559 pagos
712 481 842 538 centum
865 473 1050 538 Suevorum
1072 475 1116 538 ad

78 561 192 644 ‘ripas
214 559 321 624 Rheni
344 559 552 635 consedisse,
582 561 639 643 qui
665 558 818 623 Rhenum
844 560 985 628 transire
1018 581 1115 622 cona·

79 653 211 719 rcntur;
243 645 296 709 his
329 666 487 729 praeesse
519 646 667 710 Nasuam
696 654 729 709 et
756 643 952 708 Cimberium
985 643 1115 708 fratres.

80 730 213 810 Quibus
234 732 336 796 rebus
360 730 482 794 Caesar
503 730 714 794 vehementer
743 738 926 794 commotus
949 739 1114 793 maturan-

79 815 161 880 dum
173 816 236 880 sibi
248 816 455 891 existimavit,
478 837 528 891 ne,
552 816 580 878 si
602 837 691 880 nova
712 837 828 879 manus
841 816 1025 880 Suevorum
1041 837 1116 879 cum

78 902 249 965 veteribus
271 902 377 987 copiis
400 901 560 965 Ariovisti
582 923 658 965 sese
680 902 916 986 conjunxisset,
939 903 1046 964 minus
1067 900 1115 964 fa·'

78 987 143 1050 cile
164 987 277 1050 resisti
297 995 424 1071 posset.
474 987 591 1070 ltaque
617 1007 654 1051 re
679 986 905 1062 frumentaria,
936 1008 1033 1071 quam
1063 1008 1114 1050 ee·

29 1146 32 1150 ,
78 1073 211 1137 lerrime
232 1072 350 1156 potuit,
374 1081 565 1156 comparata
587 1072 733 1159 ⁵magnis
758 1073 929 1135 itineribus
953 1073 997 1135 ad
1018 1072 1114 1136 Ario·
1156 1136 1161 1143 ,

77 1160 202 1222 vistum
229 1155 406 1221 contendit

123 1243 174 1306 38.
220 1240 331 1322 Quum
353 1243 473 1306 ltridui
495 1243 580 1306 viam
592 1242 829 1327 processisset,
851 1243 1040 1306 nunciatum
1063 1253 1116 1308 est

80 1329 126 1404 ei,
149 1328 355 1392 Ariovistum
384 1350 458 1391 cum
485 1329 554 1391 suis
579 1330 730 1391 omnibus
754 1330 859 1413 copiis
883 1328 927 1391 ad
950 1350 1113 1413 occupan-

81 1413 161 1478 dum
183 1412 450 1487 ²Vesontionem,
485 1413 578 1498 quod
600 1423 652 1478 est
674 1412 834 1498 oppidum
856 1415 1031 1477 maximum
1055 1414 1114 1479 Se·

80 1519 281 1583 quamtum,
304 1498 504 1563 contendere
533 1500 699 1583 triduique
727 1500 813 1562 viam
834 1499 878 1563 3a
900 1501 969 1562 suis
993 1499 1112 1564 finibus

79 1583 274 1669 profecisse.
319 1583 360 1648 Id
381 1607 423 1648 ne
446 1584 625 1660 accideret,
648 1606 766 1670 magno
789 1607 891 1669 opere
913 1585 997 1649 ⁴sibi
1019 1607 1113 1669 prae-

80 1668 266 1734 cavendum
294 1669 416 1734 Caesar
445 1671 661 1735 existimabat.
711 1671 862 1754 Namque
891 1672 1034 1732 omnium
1063 1691 1113 1734 re-

79 1776 167 1830 rum,
202 1776 287 1839 quae
315 1755 359 1818 ad
385 1755 509 1820 bellum
537 1758 614 1819 usui
636 1763 742 1830 erant,
777 1776 903 1818 summa
926 1764 996 1819 erat
1017 1757 1051 1818 in
1074 1778 1113 1820 eo

82 1839 208 1924 oppido
230 1839 386 1916 facultaS,
409 1839 510 1924 idque
521 1849 639 1904 natura
655 1841 720 1903 loci
743 1841 791 1903 sie
814 1841 1054 1917 ⁵muniebatur‚
1076 1851 1115 1905 ut

79 1947 232 2012 magnam
253 1925 297 1989 ad
320 1925 507 1989 ducendum
528 1927 651 1990 bellum
674 1925 768 1989 daret
790 1925 1012 2002 “facultatem
1035 1949 1113 2011 pro-

79 2019 196 2096 pterea
219 2010 311 2095 quod
333 2010 454 2074 flumen
475 2011 617 2087 mobis,
640 2019 677 2075 ut
699 2012 820 2075 circino
839 2013 1112 2088 circumductum,

79 2117 187 2183 paene
208 2104 316 2160 totum
339 2095 499 2181 oppidum
521 2098 637 2182 cingit:
660 2097 822 2179 reliquum
844 2099 996 2181 spatium,
1020 2098 1113 2181 quod

80 2190 134 2245 est
161 2203 229 2244 non
257 2181 418 2266 ⁸amplius
447 2182 570 2265 pedum
594 2192 840 2258 sexcentorum,
874 2182 961 2264 lqua
992 2181 1113 2247 flumen

79 2267 277 2343 intermittit,
310 2289 406 2330 mons
430 2267 610 2331 l⁰continet
627 2286 750 2352 'magna
783 2266 955 2331 altitudine
982 2268 1042 2342 ita,
1075 2276 1114 2331 ut

80 2351 244 2416 llradices
266 2353 387 2415 montis
411 2373 453 2415 ex
474 2362 615 2436 utraque
636 2361 730 2438 parte
758 2354 849 2438 ripae
872 2351 1012 2415 fluminis
1036 2375 1113 2417 con·

79 2438 215 2523 tingant.
259 2437 358 2501 Hunc
384 2459 497 2500 murus
527 2437 781 2502 l²circumdatus
811 2460 919 2502 arcem
948 2436 1048 2501 efficit
1081 2447 1115 2502 et

80 2544 156 2587 cum
178 2522 304 2608 oppido
328 2524 507 2608 conjungit.
551 2523 627 2587 Huc
651 2523 773 2586 Caesar
796 2523 921 2608 magnis
945 2523 1112 2587 ¹³n00tur-

79 2610 131 2672 nis
155 2606 347 2691 diurnisque
369 2610 539 2672 itineribus
562 2609 732 2672 contendit
744 2617 973 2693 occupatoque
986 2609 1111 2693 oppido

79 2694 125 2759 ibi
146 2693 348 2777 praesidium
371 2694 523 2757 collocat.

125 2779 175 2842 39.
219 2778 307 2842 Dum
329 2800 455 2863 paucos
479 2779 550 2842 dies
564 2778 608 2842 ad
620 2778 858 2841 Vesontionem
882 2778 949 2841 ¹rei
971 2778 1112 2842 frumen·

80 2864 183 2926 tariae
205 2876 473 2946 commeatusque
496 2885 596 2927 causa
617 2871 774 2937 moratur,
807 2863 869 2925 ²ex
890 2865 1112 2947 percontatio·

79 2970 122 3012 ne
150 2956 341 3012 nostrorum
369 2949 574 3034 vocibusque
604 2949 776 3012 Gallorum
809 2970 847 3010 ac
879 2959 1112 3025 mercatorum,

81 3033 139 3117 qui
149 3033 272 3119 ingenti
283 3034 505 3120 magnitudine
517 3055 695 3119 corporum
717 3032 908 3108 Germanos
930 3035 1113 3098 incredibili

80 3120 203 3182 virtute
225 3127 325 3203 atquc
349 3119 581 3183 exercitatione
603 3121 637 3182 in
659 3120 756 3182 armis
770 3140 845 3182 esse
867 3119 1112 3202 praedicabant,

84 3240 121 3252 -
152 3224 389 3288 saepenumero
420 3226 495 3268 sese
529 3226 603 3268 cum
629 3205 683 3267 his
713 3205 933 3289 3congressos
967 3227 1008 3268 ne
1040 3206 1113 3269 vul·

81 3298 151 3352 tum
173 3288 307 3372 quidem
328 3298 428 3374 atque
456 3290 557 3354 aciem
580 3290 752 3353 oculorum
772 3288 859 3352 ferre
881 3292 1032 3373 potuisse
1058 3328 1112 3364 -,

80 3382 193 3438 tantus
227 3375 339 3439 subito
361 3378 460 3439 timor
483 3397 611 3439 omnem
644 3377 821 3438 exercitum
852 3376 1041 3458 occupavit,
1075 3383 1113 3438 ut

79 3481 147 3524 non
186 3458 395 3524 mediocriter
435 3462 578 3523 omnium
616 3461 762 3523 ⁴mentes
807 3460 998 3541 animosque
1038 3481 1112 3543 per·

79 3546 238 3610 turbaret.
284 3544 367 3608 ⁵Hic
389 3547 529 3630 primum
557 3554 650 3609 ortus
680 3553 733 3609 est
754 3566 775 3607 a
796 3544 936 3607 tribunis
959 3544 1111 3620 militum,

79 3630 257 3715 praefectis
279 3630 490 3715 reliquisque,
514 3631 624 3714 quiex
635 3632 717 3695 urbe
739 3629 897 3692 amicitiae
920 3629 1112 3692 causaCae·

81 3737 193 3779 sarem
215 3716 321 3778 secuti
342 3738 410 3779 non
431 3737 484 3778 ma
529 3737 584 3779 um
605 3717 639 3778 in
661 3737 697 3778 re
719 3714 849 3776 militari
882 3735 979 3776 usum
1012 3714 1112 3779 lrabe-

79 3799 175 3864 bant:
199 3821 341 3885 quorum
363 3801 447 3864 alius
471 3803 535 3864 aia
557 3821 658 3863 causa
668 3801 768 3874 illata,
792 3819 890 3883 quam
902 3800 964 3863 sibi
977 3800 1020 3862 ad
1034 3822 1111 3883 pro-

80 3885 294 3950 ficiscendum
314 3887 535 3950 necessariam
558 3906 633 3949 esse
656 3884 788 3960 diceret,
809 3885 959 3969 petebat,
981 3894 1018 3948 ut
1040 3886 1111 3968 ejus
