2468 4312
436 232 496 275 mn.
519 234 539 274 1.
585 231 653 274 cae.
679 208 813 274 15-18.
1112 213 1133 274 9

100 363 195 448 quod
218 371 314 427 antea
335 370 498 439 tacuerat,
527 362 718 447 lproponit:
751 363 827 433 Esse
848 362 1022 442 nonnullos,
1061 385 1133 450 quc·

99 473 171 512 nnn
194 450 360 512 auctoritas
382 448 469 532 apud
484 448 605 532 plebem
621 447 795 531 plurimum
822 448 935 526 ualeat,
973 447 1047 532 ²qui
1063 450 1133 532 pri·

47 542 68 554 ”
98 536 196 598 catam
211 533 287 617 plus
302 535 436 617 possint,
460 555 552 632 quam
574 533 636 616 ipsi
656 534 860 614 mapistratns.
904 532 971 595 Hos
992 533 1135 597 seditiosa

101 629 190 704 atque
211 619 355 702 improba
388 627 525 680 oratione
556 616 777 679 multitudinem
805 617 968 696 deterrere,
1002 640 1040 679 ne
1058 617 1134 704 frn-

99 713 235 766 meutum
246 701 417 787 conserant,
440 701 542 786 3φιοά
556 712 721 786 praestare
738 702 881 765 debeant:
900 703 950 764 ⁴si
962 705 1034 783 jam
1040 703 1133 786 prin-

101 789 240 872 cipetum
264 786 390 850 Galliae
421 785 555 849 obtinere
586 808 648 848 non
675 798 812 870 possent,
849 786 1013 850 Gallomm
1041 809 1135 872 quam

99 875 316 937 Rmnanorcnn
343 873 476 955 imperia
502 870 659 956 perferre,
693 893 788 956 neque
820 871 960 935 dubitare
991 873 1132 952 deleant,

100 958 182 1044 plin,
206 958 234 1019 si
255 956 407 1019 Helvetios
427 958 640 1040 superaverint
659 957 804 1036 Romani,
837 980 901 1019 eina
925 980 992 1019 eum
1014 957 1134 1042 reliqua

101 1041 213 1106 Gallia
223 1041 365 1104 Haeduis
379 1040 546 1104 libertatem
566 1043 628 1104 sint
648 1043 788 1123 erepturi.
832 1042 881 1104 Ab
905 1043 1015 1104 eisdem
1029 1053 1134 1106 nostra

101 1125 232 1189 consilia
258 1125 414 1211 ⁵quaeqne
441 1128 475 1188 in
503 1127 610 1188 castris
634 1135 784 1208 pacatur
804 1125 935 1188 bostilms
957 1130 1134 1190 enunciari:

100 1211 154 1274 lios
176 1209 218 1274 6οι
239 1233 271 1273 se
292 1211 423 1273 coerceri
443 1232 506 1272 nori
521 1232 620 1294 posse.
682 1210 764 1288 erin
791 1212 896 1291 etiam,
926 1211 1009 1296 quael
1035 1234 1134 1275 neces·

100 1296 186 1359 sario
208 1318 275 1358 rem
297 1305 416 1357 conaus
429 1295 556 1358 Caesari
566 1295 744 1374 enunciarit,
768 1295 933 1378 intellipere
954 1320 1023 1376 sese,
1036 1319 1133 1382 mian·

101 1390 129 1444 tc
151 1380 188 1442 id
209 1402 277 1442 cum
293 1379 433 1463 periculo
447 1379 572 1465 fecerit,
597 1391 625 1442 et
644 1381 681 1442 ob
704 1402 773 1442 eam
795 1403 934 1461 causam,
964 1405 1058 1467 qeiam
1079 1381 1134 1444 diu

95 1466 244 1549 pot-uerit,
268 1466 402 1527 tumuisse.

147 1550 195 1614 18.
240 1547 362 1612 Caesar
383 1548 447 1610 hae
470 1548 618 1611 oratione
641 1548 730 1612 Lisci
757 1549 1008 1635 Dumnorigem,
1042 1549 1133 1612 Divi-

100 1631 177 1696 tiaei
199 1631 348 1709 fratrem,
383 1632 547 1717 designari
571 1635 749 1708 sentiebat,
784 1634 845 1698 sed
868 1635 960 1716 quod
981 1635 1137 1718 pluribus·

100 1719 332 1801 praesentibus
357 1739 412 1780 eas
434 1739 488 1779 res
518 1718 652 1802 ljactari
680 1719 829 1792 nolebat,
860 1719 1009 1781 celeriter
1037 1719 1134 1782 2οοῐι-

101 1803 211 1865 cilium
234 1802 379 1877 dimittit,
413 1801 546 1864 Liscum
567 1804 699 1865 retinet:
735 1805 862 1885 quaerit
896 1825 937 1865 ex
971 1804 1045 1866 solo
1080 1823 1133 1878 ea,

101 1907 185 1970 quae
208 1886 242 1950 in
264 1895 429 1950 conventu
452 1885 588 1949 dixerat.
633 1887 741 1950 ³Dieit
763 1888 898 1952 liberius
915 1896 1014 1971 atque
1033 1888 1133 1950 auda-

101 1973 180 2034 cius
224 1971 352 2035 Eadem
375 1978 504 2034 secreto
517 1973 558 2035 ab
571 1972 643 2034 aliis
656 1973 797 2056 quaerit3
820 1974 943 2057 reperit
955 1995 1029 2035 esse
1040 1994 1132 2035 vera:

100 2058 230 2141 *Ipsum
255 2080 316 2119 esse
337 2058 560 2138 Dumnoripem
581 2080 701 2119 memma
725 2058 874 2135 andacia,
902 2079 1019 2141 mapna
1048 2057 1136 2141 apud

95 2142 219 2226 plebem
234 2152 367 2226 propter
390 2142 605 2204 liberalitatem
623 2144 742 2223 pratia,
773 2144 921 2226 aspidum
947 2144 1052 2205 rerum
1078 2164 1132 2204 no-

100 2250 229 2308 narum5
251 2227 420 2310 ccrnplures
442 2248 539 2288 annos
562 2226 721 2309 ⁵portcria
731 2227 910 2313 reliquaque
925 2230 1029 2289 omnia
1045 2226 1130 2290 Hae·

100 2311 620 2395 dumnmoectipaliaparoopretio
643 2310 948 2395 ⁶redemptaleabere,
966 2323 1134 2396 propterea

130 2398 182 2458 rod
213 2396 288 2459 ⁷e'tt0
320 2397 425 2458 licente
454 2406 560 2458 contra
593 2396 679 2458 liceri
712 2397 825 2459 audeat
854 2419 949 2459 nnnc.
1005 2396 1065 2459 His
1085 2419 1133 2460 re·

100 2419 155 2545 iia
177 2492 206 2543 et
225 2504 314 2544 suam
336 2504 402 2543 rem
413 2480 611 2567 familiarem
634 2483 755 2543 assuisse
777 2493 804 2543 et
815 2481 983 2568 sameltctes
1005 2480 1049 2544 ael
1069 2482 1133 2544 lar·

97 2565 244 2649 piendum
265 2588 397 2648 maynas
419 2587 629 2648 comparasse,·
656 2587 802 2647 mapnum
830 2588 991 2628 nnmerum
1018 2568 1133 2651 equita·

100 2661 146 2714 tus
167 2672 222 2712 suo
243 2661 366 2734 sumptu
387 2673 505 2733 semper
528 2650 611 2712 alere
632 2660 660 2712 et
681 2652 795 2712 circum
826 2674 858 2712 se
885 2650 1009 2728 bahem,
1039 2672 1134 2736 neque

99 2736 199 2798 solum
212 2735 317 2815 domi,
347 2735 401 2796 sed
427 2737 531 2797 etiam.
548 2734 635 2817 apud
652 2736 807 2822 finitimas
832 2737 965 2797 ciuitates
987 2735 1133 2816 8larpiter

95 2841 194 2904 posse,
219 2829 308 2904 alque
334 2819 424 2901 lienus
446 2820 602 2902 potentiae
624 2841 727 2881 caiisa.
745 2829 875 2882 matrem
907 2819 960 2880 ⁹in
982 2819 1133 2900 Bitia-ipi-

102 2903 156 2967 lus
188 2903 307 2967 bomini
339 2903 403 2965 illic
435 2903 621 2965 nobilissimo
655 2924 693 2965 ac
719 2906 926 2986 potentissimo
959 2903 1132 2982 collocasse,

100 2989 203 3071 ipsum
225 3011 263 3050 en
284 2987 429 3051 Heluetiis
447 3010 573 3050 acorem
593 2987 718 3065 babere,
742 2988 767 3026 ¹¹
775 3010 910 3050 sororem
931 3011 968 3050 en
989 2999 1087 3051 matre
1108 2997 1137 3050 et

96 3075 295 3157 propinquas
325 3095 399 3134 suas
431 3071 593 3154 ¹²nuptnm
621 3074 655 3133 in
684 3072 765 3135 alias
798 3075 932 3135 ciuitates
960 3073 1135 3134 collocasse:

93 3157 205 3243 sacere
227 3168 256 3219 et
276 3180 385 3240 cipere
406 3156 552 3219 Heluetiis
567 3167 698 3239 propter
725 3180 794 3219 eam
816 3157 1008 3245 affinitatem,
1039 3157 1135 3219 odisse

103 3243 195 3304 etiam
224 3241 313 3304 ¹³snc
335 3242 458 3304 nomine
492 3241 653 3302 Caesarem
675 3251 702 3302 et
721 3243 893 3322 Romanos,
923 3242 1006 3327 quod
1031 3262 1135 3303 earum

103 3325 235 3389 adventu
256 3328 397 3409 potentia
424 3327 487 3406 ejus
520 3324 708 3388 1⁴deminuta
729 3337 757 3387 et
776 3328 950 3389 Diuiciacus
968 3325 1074 3410 frater
1101 3325 1136 3385 in

103 3414 170 3473 anti
190 3433 265 3472 niun
287 3410 386 3472 locum
405 3410 528 3491 pratiae
550 3419 639 3493 atque
658 3408 783 3472 honoris
803 3414 843 3472 sit
862 3411 977 3472 restitut
1013 3455 1020 3468 .
1065 3406 1091 3444 ¹⁵
1100 3407 1136 3471 St

103 3433 190 3580 quui
212 3494 335 3557 accidat
364 3495 530 3572 Romanis,
564 3515 714 3556 summam
735 3496 770 3556 in
791 3517 875 3577 spem
890 3515 952 3576 per
983 3491 1136 3555 Helvetios

102 3579 191 3661 repni
213 3579 369 3641 obtinendi
390 3579 508 3640 uenire:
530 3575 694 3661 “tapeto
710 3580 825 3662 populi
846 3578 983 3640 Romani
999 3598 1061 3638 non
1071 3598 1135 3638 mo

102 3663 141 3725 do
164 3663 202 3726 de
223 3685 332 3744 repno,
360 3663 414 3726 sed
441 3664 533 3725 etiam
554 3660 592 3723 de
613 3685 664 3742 ea,
688 3685 781 3747 quam
802 3662 925 3740 babeat,
956 3663 1063 3744 pratia
1085 3661 1136 3724 de·

102 3770 238 3832 sperare.
261 3746 462 3831 Reperiebat
484 3746 581 3809 etiam
602 3747 636 3809 in
658 3746 846 3829 quaerendo
869 3745 998 3821 Caesar,
1022 3745 1139 3832 “qnod

97 3832 255 3916 proelium
277 3843 409 3919 equestre
431 3831 592 3895 adcerurm
618 3832 733 3914 paucis
761 3842 830 3895 ante
857 3831 962 3895 dietim
989 3842 1062 3896 esset
1078 3831 1136 3919 sa·
