2468 4312
441 235 503 278 ura.
524 233 556 277 v.
600 235 668 278 car.
691 212 806 278 9-13.
1074 216 1115 280 77

91 369 136 434 lia
157 390 316 454 passuum
339 368 514 454 octoginta
547 367 644 431 ¹Huic
666 367 837 517 superiore
862 374 1009 453 tempore
1042 390 1115 433 cnm

91 455 227 540 reliquis
250 455 436 518 civitatibus
459 452 709 518 continentiabe
724 453 756 516 la
768 455 1036 530 intercesserant,
1055 453 1117 519 sed

91 550 208 606 nostro
232 540 376 604 adventu
397 539 537 624 permoti
558 538 706 603 Britanni
733 538 822 604 liunc
848 541 914 604 toti
949 540 1036 604 bello
1058 541 1116 604 im·

91 627 251 712 perioque
273 624 506 709 praefecerant
858 680 862 685 .

138 712 186 776 12.
230 711 416 775 Britanniae
438 732 517 795 pars
538 709 674 774 interior
695 711 737 775 ab
759 709 799 774 iis
820 710 982 787 incolitur,
1009 711 1115 795 lquos

91 807 189 864 natos
211 798 245 861 in
266 798 375 861 insula
395 797 460 882 ipsi
482 796 638 860 memoria
659 796 828 880 proditum
852 795 972 871 dicunt,
994 798 1116 861 mariti·

91 905 145 948 ma
191 905 245 946 ars
268 885 309 947 ab
332 885 381 958 iis,
405 883 460 967 qui
483 881 624 967 praedae
658 903 696 945 ac
728 883 808 947 belli
834 881 994 946 inferendi
1017 904 1118 947 causa

93 992 134 1033 ex
166 906 282 1054 ilelgio
316 971 514 1033 transierant
546 968 615 1053 (qui
637 989 752 1032 omnes
779 968 848 1031 fere
869 968 909 1032 iis
930 969 1116 1033 nominibus

93 1056 260 1119 civitatum
282 1056 498 1140 appellantur,
521 1054 661 1137 ²quibus
684 1054 747 1118 orti
781 1076 821 1118 ex
855 1055 1042 1118 civitatibus
1075 1076 1115 1119 eo

92 1144 324 1226 pervenerunt)
358 1149 391 1204 et
422 1141 511 1203 bello
543 1141 637 1203 illato
669 1140 715 1203 ibi
748 1149 997 1225 permanserunt
1018 1149 1117 1226 atque

22 1242 34 1285 ·.
93 1248 192 1312 agros
216 1227 325 1290 colere
347 1234 534 1311 coeperunt.
579 1225 754 1289 Hominum
780 1235 832 1289 est
858 1226 982 1289 infinita
1009 1227 1118 1291 multi·

92 1312 175 1377 tudo
198 1312 458 1395 creberrimaque
480 1311 636 1383 aedificia,
668 1309 737 1375 fere
760 1311 894 1375 Gallicis
927 1313 1117 1389 consimilia,

93 1419 249 1484 pecorum
282 1419 419 1483 magnus
453 1419 616 1461 numerus.
672 1396 835 1462 ³Utuntur
867 1406 925 1461 aut
958 1419 1032 1462 aere
1061 1408 1118 1463 aut

93 1505 225 1548 nummo
260 1505 356 1547 aereo
389 1491 446 1548 aut
478 1485 573 1548 taleis
606 1482 721 1546 ferreis
756 1483 800 1546 ad
832 1493 955 1546 eertum
984 1484 1116 1568 pondus

94 1570 285 1634 examinatis
308 1591 369 1652 pro
391 1590 532 1632 nummo.
582 1570 758 1634 ⁴Nasoitur
791 1570 836 1633 ibi
869 1569 1037 1653 plumbum
1071 1571 1118 1634 al·

93 1656 171 1720 bum
192 1656 226 1718 in
248 1656 492 1719 mediterraneis
514 1655 711 1741 regionibus,
732 1656 765 1719 in
788 1656 955 1719 maritimis
980 1655 1117 1731 ferrum;

93 1741 156 1805 sed
179 1741 251 1825 ejus
281 1742 397 1826 exigua
430 1750 482 1805 ost
514 1741 624 1825 copia;
657 1762 732 1804 aere
763 1750 899 1805 utuntur
930 1740 1116 1826 importato.

94 1828 253 1891 ⁵Materia
285 1827 444 1912 cujusque
477 1827 614 1913 generis,
642 1836 679 1890 ut
699 1828 732 1890 in
756 1826 870 1899 Gallia,
903 1836 962 1890 est
988 1837 1118 1912 praeter

93 1912 203 1998 fagum
226 1927 324 1996 atque
347 1914 494 1977 abietem.
538 1913 700 1998 Leporem
722 1924 756 1977 et
777 1913 930 1998 gallinam
958 1923 991 1976 et
1023 1935 1117 1977 anse-

92 2021 162 2063 rem
184 2010 317 2085 gustare
339 1997 390 2061 fas
412 2021 480 2062 non
502 2007 632 2083 putant:
655 1997 756 2063 ⁰haec
778 2008 886 2063 tamen
908 2000 1000 2063 alunt
1022 1999 1117 2063 animi

94 2085 343 2169 voluptatisque
365 2105 473 2148 causa
518 2084 627 2147 'Loca
649 2095 727 2148 sunt
748 2085 986 2171 temperatiora,
1020 2106 1116 2170 quam

93 2172 126 2235 in
150 2169 265 2244 Gallia,
288 2170 550 2234 ⁸remissioribus
572 2169 758 2256 iugeribus.

139 2258 187 2320 13.
231 2256 344 2319 Insula
364 2265 482 2319 natura
502 2257 670 2340 triquetra,
703 2257 797 2342 cujus
829 2278 930 2321 unum
955 2256 1042 2320 latus
1066 2265 1118 2320 est

95 2352 211 2406 contra
233 2340 380 2405 Galliam.
425 2342 533 2427 Hujus
555 2341 668 2406 lateris
690 2343 774 2407 alter
796 2343 943 2428 angulus,
977 2342 1032 2426 qui
1066 2350 1118 2405 est

93 2427 138 2492 ad
161 2427 319 2497 Cantium,
343 2427 500 2511 quesere
522 2449 636 2492 omnes
659 2428 720 2492 ¹ex
743 2428 850 2493 Gallia
874 2449 975 2493 naves
1005 2427 1117 2512 aprpel·

93 2514 214 2590 lnntun
237 2513 281 2577 ad
304 2515 461 2577 orientem
482 2513 596 2585 solem,
617 2512 752 2578 inferior
773 2513 817 2578 ad
844 2513 1010 2578 meridiem
1043 2536 1118 2598 spe-

93 2609 170 2664 ctat.
214 2600 310 2664 ²Hoc
331 2601 473 2684 pertinet
493 2600 621 2663 circiter
642 2600 730 2664 milia
751 2621 910 2685 passuum
932 2602 1116 2686 quingenta.

93 2686 241 2750 Alterum
265 2687 372 2771 vergit
393 2685 437 2750 ad
459 2685 672 2770 ³Hispaniam
705 2694 804 2770 atque
837 2685 1040 2750 occidentem
1063 2708 1117 2749 so·

92 2771 167 2845 lem,
190 2793 256 2856 qua
279 2793 320 2836 ex
342 2780 435 2855 parte
458 2781 510 2835 est
530 2771 697 2847 Hibernia,
720 2772 855 2837 dimidio
866 2773 980 2849 minor,
1002 2781 1040 2836 ut
1052 2772 1117 2836 exi·

93 2858 253 2932 stimatur,
276 2878 374 2941 quarn
395 2857 571 2932 Britannia,
591 2857 675 2921 ⁴sed
696 2859 767 2944 pari
782 2860 891 2944 spatio
903 2859 1116 2922 transmissus

94 2952 193 3027 atque
217 2965 258 3008 ex
292 2943 400 3007 Gallia
432 2952 484 3006 est
515 2944 548 3006 in
570 2942 778 3008 Britanniam.
822 2946 879 3009 ⁵ln
910 2944 976 3008 hoc
1008 2943 1116 3008 medio

93 3050 195 3093 cursu
217 3037 269 3094 cst
295 3030 411 3103 insula,
445 3049 529 3112 quas
561 3030 747 3113 appellatur
778 3031 893 3094 Mona:
930 3031 1117 3115 complures

93 3125 265 3200 praeterea
285 3117 428 3179 minores
451 3114 602 3198 objectae
623 3116 750 3180 insulae
783 3116 1021 3191 existimantem
1055 3114 1118 3180 ⁶de

94 3201 214 3285 quibus
236 3200 353 3264 insulis
376 3200 524 3264 nonnulli
546 3201 751 3285 scripserunt
772 3201 844 3265 dies
866 3203 1040 3265 continuos
1062 3202 1118 3264 tri-

93 3287 185 3372 ginta
206 3288 268 3351 sub
292 3287 407 3349 bruma
428 3306 504 3349 esse
524 3294 663 3349 noctem.
707 3287 780 3353 Nos
802 3287 883 3351 nihil
905 3286 947 3350 de
976 3308 1015 3350 eo
1044 3308 1118 3371 per·

94 3371 336 3436 certationibus
358 3372 611 3455 reperiebamus
634 3370 716 3436 'nisi
738 3374 835 3437 certis
858 3394 899 3436 cx
921 3393 1007 3456 arua
1028 3394 1118 3435 men·

92 3458 180 3521 suris
202 3457 372 3520 breviores
395 3478 469 3520 esse
493 3477 591 3540 quam
611 3458 644 3521 in
668 3459 846 3522 continenti
876 3467 992 3521 noctes
1025 3457 1117 3521 vide·

93 3544 217 3607 bamus.
262 3542 372 3627 Hujus
395 3551 447 3605 est
467 3542 642 3629 longitudo
669 3544 790 3620 lateris,
818 3545 876 3606 ⁸ut
896 3542 960 3606 lert
986 3542 1117 3607 illorum

92 3628 215 3714 opinio,
248 3631 528 3714 septingentorum
560 3631 693 3695 milium.
738 3629 883 3695 Tertium
917 3638 970 3692 est
1002 3638 1118 3694 contra

93 3714 344 3799 septentriones,
378 3714 430 3778 cui
463 3715 549 3799 parti
579 3717 671 3780 nulla
692 3723 745 3780 est
766 3715 896 3800 objecta
920 3722 1022 3791 terra,
1055 3714 1116 3779 sed

93 3799 165 3864 e‘us
188 3799 327 3886 angulus
359 3800 472 3864 lateris
504 3803 643 3865 maxime
675 3800 720 3865 ad
754 3798 956 3865 Germaniam
979 3809 1116 3886 spectat.

125 3907 167 3950 oc
199 3886 288 3961 milia
312 3907 471 3980 passuum
504 3888 692 3974 octingenta
723 3885 1021 3974 inlongitudinem
1042 3909 1116 3953 esse
