2468 4312
426 246 486 286 ma.
509 245 540 286 v.
587 243 655 284 cnr.
679 221 814 285 39-43.
1082 223 1124 286 89

93 378 278 461 opprtqnnri.
322 375 461 444 Addunt
483 378 578 438 etiam
602 374 644 438 de
666 374 779 438 Sabini
800 381 919 437 morte:
942 375 1125 441 ²Ambi0ri·

92 483 166 547 gem
190 469 358 525 ostentant
390 461 467 523 fidei
492 458 666 523 faciundae
689 481 797 523 causa.
842 461 984 524 ³Errure
1005 484 1055 524 eos
1074 463 1124 525 di-

93 555 180 621 cunt,
202 549 231 609 si
252 548 415 632 quicquam
437 547 476 608 nb
498 545 545 608 dis
561 545 718 629 praesidii
738 556 865 629 sperent,
889 548 942 630 qui
962 548 1026 609 suis
1036 549 1125 610 rebus

92 631 255 719 diffidant5
275 655 337 694 sese
358 643 460 694 tomen
484 631 540 693 lioc
567 654 628 693 esse
656 632 689 692 in
719 630 892 693 Ciceronem
915 631 1126 718 populumque

92 720 271 781 Romanum
293 718 404 796 animo,
427 726 461 778 ut
481 716 562 778 niliil
570 717 631 778 nisi
641 715 770 778 hiberno
784 729 921 778 recusent
942 727 1032 802 utque
1045 718 1126 780 lonc

92 805 309 866 inveterascere
330 802 574 864 cousuetudinem
595 800 707 863 nolint:
738 802 851 863 ⁴licere
883 802 944 864 illis
965 803 1125 865 incolmni-

94 888 149 950 bus
165 911 278 971 perse
300 911 337 949 ee
358 887 493 949 hibernis
514 887 666 948 discedere
687 896 720 966 et,
744 909 946 972 quosmemque
968 889 1001 949 in
1017 899 1126 971 portes

92 973 193 1047 uelint,
215 974 281 1035 sine
301 983 382 1034 metu
399 973 564 1060 penicisci.
611 970 725 1033 Cicero
749 971 792 1034 ad
814 972 896 1034 haec
911 994 1012 1033 unum
1024 972 1124 1035 modo

93 1057 281 1141 respondit:
305 1059 379 1120 Non
401 1080 462 1119 esse
484 1057 728 1119 cousuetudinem
744 1057 858 1140 pepedi
879 1059 1016 1120 Romani
1045 1059 1125 1121 ccci·

89 1165 167 1228 pere
189 1143 230 1206 od
251 1142 333 1204 hoste
354 1152 474 1204 armato
497 1141 716 1222 conditionem,-
743 1143 771 1204 si
793 1143 832 1204 nd
856 1144 952 1204 ermis
974 1143 1127 1205 discedere

93 1228 193 1302 uelint,
217 1228 267 1289 ⁵se
290 1227 428 1307 educere
449 1236 574 1288 utentur
596 1226 765 1311 legatosque
787 1227 831 1289 od
864 1227 1024 1290 Caesarem
1057 1229 1126 1290 mit·

94 1323 176 1394 tant,·
207 1335 335 1396 sperare
361 1333 425 1395 pro
458 1313 520 1392 ejus
544 1312 675 1392 justitie,
710 1334 788 1396 quae
803 1313 956 1395 petierint,
981 1314 1125 1396 impetra·

92 1408 184 1460 turos.

137 1481 188 1545 42.
233 1481 304 1545 lnb
327 1481 390 1544 hac
413 1503 473 1565 spe
495 1482 621 1565 repulsi
645 1482 757 1545 Nervii
778 1481 867 1543 vallo
891 1480 1013 1564 pedum
1035 1504 1069 1544 1x
1094 1489 1126 1545 et

92 1565 188 1630 fossa
209 1566 332 1649 pedum
364 1589 410 1629 xv
438 1568 577 1630 hiberna
599 1567 739 1651 cingunt.
784 1566 897 1628 ²Haec
920 1576 953 1629 et
975 1566 1124 1649 superio·

94 1673 166 1714 rum
199 1673 359 1714 annorum
393 1652 674 1716 consuetudinea
706 1651 803 1714 nobis
837 1659 1061 1736 cognoverant
1094 1659 1134 1714 et'

95 1736 278 1820 qu0s[da1n]
303 1736 344 1799 dc
368 1738 513 1800 exercitu
534 1736 701 1799 habebant
719 1737 879 1819 captivos
902 1737 943 1800 ab
965 1736 1004 1799 iis
1029 1735 1127 1800 doce·

94 1823 230 1896 bantur3
253 1822 315 1885 sed
336 1821 428 1884 nulla
450 1821 720 1885 ferramentorum
743 1822 848 1904 copia,
871 1842 955 1904 quae
979 1830 1069 1884 essct
1084 1821 1127 1884 ad

94 1906 183 1969 hunc
206 1928 301 1969 usum
324 1906 454 1979 idonea,
476 1907 595 1992 gladiis
609 1907 752 1989 cespites
765 1907 1005 1982 circumcidere,
1027 1907 1127 1970 mani-

94 1993 159 2056 bus
193 1992 384 2076 sagulisque
418 2001 538 2054 terram
571 1991 743 2054 exhaurire
777 1994 987 2076 cogebantur,
1032 1990 1128 2069 ³Qua

96 2076 230 2160 quidem
264 2098 304 2138 ex
337 2098 373 2138 re
407 2077 574 2139 hominum
606 2076 783 2140 multitudo
821 2078 979 2160 cognosci
1001 2076 1126 2159 potuit:

95 2183 170 2224 nam
192 2162 299 2224 minus
322 2161 414 2224 horis
439 2162 544 2225 tribus
566 2162 690 2225 milium
712 2163 725 2199 ⁴
732 2161 854 2244 pedum
866 2183 912 2223 xv
934 2162 967 2224 in
991 2160 1128 2224 circuitu

95 2247 310 2309 munitionem
332 2245 554 2329 perfecerunt3
588 2246 789 2328 reliquisque
812 2245 929 2308 diebus
953 2256 1061 2308 turres
1084 2244 1129 2308 ad

96 2331 303 2395 altitudinem
325 2332 411 2405 valli,
434 2331 537 2395 falces
560 2330 820 2414 testudinesque,
844 2350 926 2412 quas
952 2330 1051 2394 iidem
1075 2351 1127 2392 ca-

95 2417 178 2501 ptivi
201 2414 391 2490 docuerant,
413 2438 531 2499 parare
554 2438 592 2479 ac
613 2416 722 2479 facere
746 2423 933 2499 coeperunt.

138 2501 190 2564 43.
235 2501 403 2584 ¹Septimo
426 2502 682 2585 oppugnationis
696 2499 749 2562 die
761 2501 900 2562 maximo
917 2507 1034 2563 coorto
1049 2521 1128 2564 ven·

95 2593 131 2648 to
154 2585 319 2649 ferventes
342 2585 433 2648 fusili
453 2608 497 2652 ex
520 2587 638 2671 argilla
661 2585 799 2670 glandes
831 2583 943 2647 fundis
968 2594 1001 2649 et
1022 2585 1128 2649 serve·

96 2669 185 2734 facta
202 2670 315 2754 jacula
336 2671 369 2733 in
392 2691 497 2745 casas,
535 2691 619 2753 quae
652 2691 743 2732 more
778 2667 905 2731 Gallico
940 2671 1127 2733 stramenti·

97 2764 190 2819 erant
212 2763 327 2829 tectae,
356 2755 469 2838 jacere
501 2763 691 2838 coeperunt.
736 2753 828 2816 ²Hae
851 2754 999 2818 celeriter
1021 2756 1128 2839 ignem

96 2839 420 2924 comprehenderunt
441 2847 474 2902 et
495 2840 584 2902 vent-i
607 2837 884 2924 magnitudinem
917 2861 1045 2902 omnem
1078 2840 1128 2905 lo·

96 2946 170 2987 cum
194 2934 376 2987 castrorum
400 2923 606 2987 distulerunt.
662 2925 787 2988 Hostes
811 2925 950 2986 maximo
975 2925 1126 2998 clamore,

96 3010 193 3072 sicuti
215 3017 309 3092 parta
327 3009 394 3092 jam
419 3019 518 3092 atque
542 3010 715 3092 explorata
736 3010 882 3083 victoria,
904 3017 1011 3072 turres
1024 3017 1127 3071 testu·

96 3093 258 3177 dinesque
281 3115 378 3177 agere
401 3104 433 3156 et
456 3093 555 3156 scalis
578 3094 701 3156 vallum
725 3093 904 3157 ascendere
938 3101 1126 3178 coeperunt

95 3179 141 3242 At
163 3187 254 3242 tanta
275 3179 412 3241 militum
435 3178 539 3240 virtus
563 3187 662 3261 atque
685 3201 723 3242 ea
745 3180 931 3262 praesentia
946 3179 1042 3241 animi
1056 3176 1127 3252 fuit,

95 3272 141 3336 ut,
165 3263 286 3345 ³qnum
308 3262 454 3343 undique
477 3261 605 3324 flamma
626 3271 829 3327 torrerentur
852 3264 1057 3345 maximaque
1080 3271 1127 3325 te·

95 3347 204 3411 lorum
225 3345 433 3411 multitudine
456 3355 681 3430 premerentur
703 3369 829 3431 suaque
856 3349 963 3409 omnia
990 3346 1127 3430 impedi·

95 3440 205 3496 menta
228 3440 328 3515 atque
351 3453 465 3495 omnes
487 3430 638 3496 fortunas
665 3432 868 3516 conflagrare
900 3432 1127 3516 intelligerent,

95 3540 163 3581 non
185 3517 286 3579 modo
310 3516 513 3601 demigrandi
536 3538 637 3580 causa
660 3516 702 3580 de
724 3517 813 3579 vallo
831 3515 1007 3579 decederet
1021 3536 1126 3590 nemu,

96 3603 159 3666 sed
181 3624 285 3686 paene
307 3623 348 3664 ne
381 3623 435 3663 res
460 3601 561 3664 iceret
595 3601 726 3684 quidem
760 3602 942 3683 quisquam,
976 3601 1035 3662 ⁴ac
1058 3609 1127 3662 tum

96 3709 210 3751 omnes
244 3687 399 3751 acerrime
432 3623 676 3769 iisrtissimeque
708 3696 900 3770 pugnarent.
957 3685 1020 3747 Hic
1055 3683 1126 3748 dies

95 3774 220 3838 nostris
244 3773 342 3855 longe
365 3771 580 3855 gravissimus
603 3770 680 3844 fuit3
704 3771 766 3835 sed
789 3780 895 3835 tamen
911 3769 1127 3834 hunchabuit

96 3866 258 3935 eventum,
281 3869 318 3918 ut
341 3877 380 3919 eo
404 3855 458 3919 die
479 3857 640 3918 maximus
662 3877 818 3922 numerus
841 3856 987 3919 hostium
1012 3855 1126 3919 vulne-
