2468 4312
112 194 154 260 94
464 219 506 260 nr
528 218 631 259 nunno
655 217 792 258 ιιιιιιο

111 350 331 448 tribunosque
353 347 490 412 militum
512 348 667 434 appellat,
690 370 830 433 quorum
853 348 1014 433 egregiam
1037 347 1144 412 fuisse

111 436 265 499 virtutem
300 435 486 498 testimonio
522 434 689 498 Ciceronis
723 443 933 519 cognoverat.
989 435 1039 497 De
1062 457 1144 499 casu

112 519 226 584 Sabini
238 528 271 583 et
282 518 360 583 Cott
347 528 400 582 tae
423 521 542 583 certius
556 542 597 583 ex
613 528 689 603 capt
690 519 752 582 ivis
776 519 955 604 cognoscit
1000 519 1084 583 Post
1071 529 1144 584 tero

113 605 165 670 die
189 605 348 668 concione
370 604 573 669 habitarem
595 613 723 690 gestam
745 606 910 688 proponit,
933 604 1052 667 milites
1065 627 1144 668 con-

113 689 240 754 solatur
263 698 296 753 et
317 690 501 754 confirmat:
475 691 618 774 tquod
641 689 814 752 detriment
801 698 868 752 tum
882 690 1028 788 culpaet
1043 701 1145 754 teme·

111 776 208 841 ritate
230 776 329 860 legati
353 776 397 838 sit
419 785 535 859 accept
532 797 598 849 um,
622 776 707 838 3ιιοιι
730 775 885 857 aequiore
908 776 1014 838 animo
1038 775 1146 839 seren·

113 860 192 924 dum
215 859 322 936 docet,
301 861 448 943 tquod
482 862 640 924 beneficio
675 860 813 925 deorum
845 860 1075 924 immortalium
1114 868 1147 924 et

112 947 233 1008 virtute
257 968 369 1009 eorum
393 946 526 1029 expiato
549 945 757 1009 incommodo
781 967 887 1029 neque
901 945 1056 1009 hostibus
1074 945 1146 1010 diu·

112 1031 181 1094 tina
202 1030 335 1095 laetatio
360 1052 466 1114 neque
488 1032 569 1115 ipsis
595 1032 725 1116 longior
748 1031 845 1094 dolor
866 1031 1079 1113 relinquatur.

156 1117 206 1179 53.
250 1116 382 1180 Interim
405 1116 447 1179 ad
477 1116 658 1180 Labienum
692 1117 771 1200 ¹per
805 1116 926 1179 Remos
961 1117 1146 1180 incredibili

115 1201 281 1264 celeritate
306 1201 348 1265 de
372 1203 507 1264 victoria
531 1201 681 1265 Caesaris
694 1201 780 1264 fama
791 1201 964 1286 perfertur,
987 1212 1031 1276 nt,
1045 1224 1147 1286 quum

114 1289 155 1350 ab
180 1287 325 1350 hibernis
350 1286 516 1350 Ciceronis
529 1288 616 1350 milia
628 1309 786 1370 passuum
809 1289 942 1351 abesset
964 1288 1147 1351 circitorux

113 1393 220 1454 eoque
243 1384 323 1455 post
345 1372 460 1434 horam
483 1395 602 1435 nonam
614 1373 679 1436 diei
692 1373 813 1436 Caesar
836 1375 1050 1456 pervenisset,
1070 1382 1146 1436 ante

113 1457 251 1520 mediam
275 1467 353 1521 noct
354 1480 404 1520 em
426 1457 470 1520 ad
493 1471 607 1541 portas
631 1469 814 1522 castrorum
838 1459 961 1521 clamor
987 1468 1145 1535 oreretur,

114 1564 180 1641 quo
204 1543 347 1606 clamore
370 1543 564 1628 significatio
587 1544 744 1606 victoriae
766 1543 917 1628 gratulat
909 1565 1008 1626 1oquc
1024 1545 1065 1607 ab
1081 1543 1147 1606 Re·

113 1628 173 1692 mis
197 1627 343 1692 Labieno
367 1629 467 1692 fieret
513 1629 585 1691 Hac
606 1627 692 1691 fama
715 1628 758 1691 ad
781 1628 938 1691 Treviros
956 1628 1083 1712 perlata
1096 1629 1147 1692 ln

114 1714 333 1789 duciomaruS,
358 1715 413 1797 qui
436 1723 572 1798 postero
597 1714 650 1777 die
673 1726 782 1776 castra
794 1714 929 1777 Labieni
953 1735 1147 1812 oppugnare

115 1799 314 1874 decreverat,
293 1808 415 1862 tuoct
413 1823 439 1862 ιι
461 1799 607 1883 profugit
630 1801 810 1883 copiasque
840 1821 952 1862 omnes
975 1801 1008 1862 in
1031 1798 1147 1863 Trevi-

113 1906 170 1946 ros
194 1885 330 1948 reducit.
376 1883 498 1947 Caesar
519 1885 656 1948 Fabium
679 1907 752 1947 curn
775 1906 836 1947 sua
858 1885 987 1982 legione
1010 1885 1147 1948 remittit

113 1970 147 2032 in
169 1969 347 2045 hiberna,
339 1991 411 2053 ipse
434 1992 509 2032 oum
532 1972 637 2033 tribus
661 1970 887 2068 legionibus
861 1992 981 2033 circum
994 1970 1147 2033 Samaro-

114 2056 238 2118 brivam
263 2055 355 2117 trinis
378 2054 523 2117 hibernis
536 2055 679 2118 hiemare
703 2057 809 2118 consti
812 2056 914 2118 ιιιιιι
896 2055 1054 2138 quod
1065 2054 1148 2118 tanti

115 2150 226 2203 motus
251 2138 377 2202 Galliae
401 2141 603 2216 exstiterant,
626 2150 677 2202 tot
678 2162 730 2202 am
752 2140 919 2203 hiemem
912 2162 983 2223 lpse
996 2141 1040 2203 ad
1056 2162 1149 2203 exer·

115 2226 214 2289 citum
236 2246 366 2288 manere
390 2224 543 2288 decrevit
589 2227 692 2289 ³Nam
714 2226 772 2288 illo
795 2225 1004 2288 incommodo
1029 2224 1070 2288 de
1087 2225 1147 2289 Sa·

114 2310 181 2374 bini
204 2319 309 2372 morte
332 2309 460 2393 perlato
484 2308 677 2373 omnesfere
690 2310 816 2373 Galliae
829 2311 976 2374 civitates
1000 2310 1148 2373 debello

115 2396 247 2459 consult
249 2397 356 2464 a-,bant
389 2396 527 2459 nuncios
561 2396 810 2480 lectionesque
838 2397 872 2458 in
895 2417 1008 2458 omncs
1032 2405 1147 2479 partes

116 2481 322 2545 dimittebant
356 2493 396 2556 ιι,
429 2481 530 2564 ⁴quid
563 2398 681 2564 reliqui
715 2482 843 2544 consilii
869 2491 1024 2564 caperent
1047 2489 1147 2578 atque

115 2566 232 2630 unde
225 2567 350 2629 mitium
372 2567 450 2630 belli
473 2565 573 2641 lieret,
552 2567 827 2650 texplorabant
860 2578 939 2629 noct
940 2588 1087 2649 urnaque
1114 2566 1148 2628 in

114 2652 198 2715 locis
233 2651 353 2714 desert
333 2661 373 2714 us
409 2652 546 2714 concilia
572 2651 747 2715 habebant
803 2653 920 2734 Neque
953 2652 1054 2714 ullum
1077 2650 1147 2713 fere

116 2737 218 2801 totius
242 2735 394 2800 hiemist
382 2745 511 2820 tempus
535 2737 605 2800 sine
629 2736 850 2801 sollicitudine
875 2736 1025 2799 Caesaris
1048 2737 1147 2798 inter-

116 2822 226 2896 cessit,
261 2823 339 2904 quin
372 2823 512 2905 aliquem
536 2821 577 2884 de
601 2823 747 2886 consiliis
777 2844 816 2885 ac
848 2833 942 2884 motu
976 2821 1148 2884 Gallorum

115 2907 268 2970 nuncium
291 2907 464 2990 acciperet.
515 2908 553 2970 ln
581 2907 633 2970 his
657 2908 698 2970 ab
732 2907 768 2971 L.
802 2907 926 2970 Roscio
961 2915 1148 2989 quaestore,

117 3013 212 3076 quern
237 2993 357 3076 legioni
378 2993 493 3056 tertiae
506 2992 651 3056 decimae
662 2991 873 3077 praefecerat,
898 2993 1017 3055 certior
1038 2990 1148 3054 factus

116 3091 177 3152 est,
209 3099 344 3162 magnas
379 3077 548 3140 Gallorum
583 3079 695 3161 copias
730 3100 840 3141 earum
863 3079 1039 3150 civitatum,
1063 3098 1148 3160 quae

116 3163 306 3228 Armoricae
329 3163 545 3247 appellantur,
580 3163 793 3248 oppugnandi
827 3163 878 3226 sui
904 3184 1005 3226 causa
1027 3183 1149 3224 conie-

115 3250 206 3312 nisse
229 3270 336 3331 neque
359 3248 489 3311 lonffius
514 3247 600 3311 milia
622 3271 781 3332 passuum
815 3258 892 3311 octo
858 3248 966 3311 toab
1002 3248 1147 3310 hibernis

117 3335 185 3397 suis
210 3331 340 3406 afuisse,
375 3299 436 3396 scd
468 3333 587 3396 nuncio
621 3335 722 3396 allato
757 3335 798 3397 dc
832 3335 969 3396 victoria
996 3332 1147 3395 Caesaris

117 3419 324 3491 discessisse,
349 3418 433 3481 adeo
456 3430 493 3480 ut
515 3417 611 3502 fugae
635 3420 747 3482 similis
772 3419 941 3482 discessus
971 3417 1147 3481 videretur

159 3504 209 3566 54.
254 3504 300 3566 At.
322 3502 443 3566 Caesar
467 3468 668 3587 principibus
692 3505 853 3602 cujusque
877 3505 940 3567 civi
942 3505 1018 3566 tatis
1043 3504 1148 3566 adse

117 3589 263 3653 evocatis
287 3588 405 3651 aliast
392 3596 469 3651 terri
462 3587 582 3662 tando,
617 3610 717 3672 quum
740 3612 776 3652 se
800 3590 892 3664 scire,
917 3610 1000 3672 quae
1023 3589 1147 3662 tierent,

118 3673 338 3747 denunciaret,
362 3673 442 3736 alias
467 3672 673 3737 cohortando
695 3696 846 3759 magnam
871 3684 997 3758 partem
1022 3671 1149 3769 Galliae

115 3760 150 3823 in
173 3757 282 3820 officio
305 3759 417 3821 tenuit.
461 3756 587 3820 Tamen
610 3759 768 3833 Senones,
796 3781 880 3843 quae
903 3767 955 3822 est
976 3759 1092 3822 civitas
1114 3757 1149 3820 in

116 3843 230 3928 primis
254 3843 346 3905 firma
368 3852 402 3906 et
423 3863 560 3928 magnae
592 3844 675 3907 inter
710 3843 825 3908 Gallos
849 3845 1063 3917 auctoritatis,
1088 3840 1148 3905 Ca·
