2468 4312
132 202 175 269 82
484 226 527 266 nn
549 225 652 267 annno
675 225 813 269 onnnrco

132 358 213 420 tium
234 356 391 420 Plancum
416 364 449 421 et
472 355 590 442 Gajum
613 356 816 422 Trebonium
837 358 967 445 legatos
996 360 1163 444 praefecit

131 442 238 507 Unam
260 443 430 527 legionem,
463 443 581 526 ³qua1n
615 444 764 527 proxime
797 452 889 508 trans
922 445 1051 509 Padum
1085 470 1163 512 con-

131 529 320 612 scripserat,
344 538 378 591 et
400 527 555 591 cohortes
579 530 724 612 quinque
752 530 785 592 in
807 529 991 606 Eburones,
1022 554 1163 615 quorum

131 636 209 713 pars
232 615 375 676 maxima
407 622 458 676 est
490 615 578 677 inter
601 614 731 677 Mosam
755 635 793 678 ac
815 615 975 691 Rhenum,
997 618 1075 699 ⁴qui
1099 621 1162 682 sub

130 699 267 782 rmperio
283 699 481 783 Ambiorigis
505 708 538 762 et
560 697 733 762 Catuvolci
756 710 856 775 erant,
879 702 974 764 misit.
1018 703 1080 765 His
1105 705 1162 767 mi-

106 805 109 812 ·
131 785 245 848 litibus
269 782 307 863 Q.
331 783 495 847 Titurium
518 784 675 848 Sabinum
697 796 731 848 et
753 784 788 847 L.
812 787 1070 871 Aurunculejum
1083 788 1162 853 Cot·

129 879 196 932 tam
220 869 250 931 le
273 877 348 932 atos
371 890 528 953 praeesse
545 869 656 953 jussit.
706 869 762 934 Ad
783 869 871 933 hune
893 871 1028 935 modurn
1051 873 1162 938 distri-

130 954 220 1018 butis
251 890 440 1039 legionibus
472 953 625 1018 facillime
657 955 788 1040 inopiae
820 955 1051 1020 frumentariae
1085 982 1161 1024 sese

130 1039 254 1103 mederi
276 1060 378 1124 posse
401 1040 612 1113 existimarim
636 1041 755 1124 ⁵atque
769 1040 885 1104 harum
896 1051 1006 1105 tamen
1018 1046 1161 1108 omnium

130 1126 295 1210 legionum
327 1125 473 1200 hiberna,
507 1140 637 1210 praeter
671 1147 750 1201 earn,
783 1147 880 1209 quarn
910 1127 947 1190 L.
977 1128 1101 1192 Roscio
1127 1132 1161 1194 in

130 1211 373 1295 pacatissimam
397 1218 429 1274 et
450 1211 687 1294 quietissimam
709 1219 836 1295 partem
860 1211 1042 1276 ducendam
1060 1214 1160 1279 dede·

129 1305 189 1370 rat,
212 1296 343 1358 milibus
367 1318 524 1378 passuum
551 1305 680 1359 centum
710 1297 967 1361 continebantur.
1012 1299 1089 1382 Ipse
1112 1301 1160 1363 in-

129 1389 228 1456 terea,
252 1380 384 1463 6quoad
407 1382 552 1444 legiones
576 1381 776 1445 collocasset
801 1385 990 1467 munitaque
1022 1384 1160 1450 hiberna

130 1467 352 1551 cognovisset,
374 1468 406 1529 in
431 1433 537 1529 Callia
559 1468 678 1529 morari
701 1468 880 1531 constituit.

173 1551 223 1615 25.
267 1551 350 1614 Erat
370 1552 404 1614 in
427 1552 624 1616 Carnutibus
648 1574 775 1616 summo
799 1552 874 1616 loco
900 1564 997 1618 natus
1032 1554 1160 1638 Tasge-

128 1639 204 1712 tius,
227 1637 323 1721 cujus
345 1637 489 1722 majores
511 1638 543 1700 in
567 1659 628 1700 sua
651 1638 781 1701 civitate
792 1660 929 1724 regnum
941 1635 1159 1705 obtinuerant.

128 1725 215 1788 Huic
238 1721 359 1786 Caesar
381 1745 442 1808 pro
467 1723 539 1806 ejus
561 1723 682 1786 virtute
708 1732 807 1806 atque
834 1725 868 1786 in
896 1747 933 1787 se
961 1726 1160 1789 beirevolen·

127 1810 181 1883 tia,
205 1807 297 1892 quod
318 1810 352 1871 in
375 1809 525 1872 omnibus
548 1808 645 1872 bellis
669 1808 824 1893 singulari
847 1809 919 1893 ejus
935 1833 1037 1895 opera
1051 1811 1160 1876 fuerat

127 1917 221 1968 usus,
243 1895 404 1979 majorum
427 1893 536 1957 locum
558 1893 754 1957 restituerat.
800 1893 966 1958 ¹Tertium
985 1896 1055 1980 jam
1069 1897 1158 1960 hunc

129 2001 248 2045 annum
270 1989 459 2064 regnantem
480 1978 598 2041 inimici
622 1978 732 2042 multis
754 1978 864 2063 palam
887 2001 929 2043 ex
951 1981 1083 2044 civitate
1100 2004 1157 2046 au-

129 2066 275 2130 ctoribus
298 2063 538 2127 interfecerunt.
589 2062 745 2127 Defertur
768 2086 807 2127 ea
828 2087 882 2127 res
904 2066 948 2128 ad
974 2065 1157 2131 Caesarem.

127 2153 187 2216 Ille
210 2150 344 2225 veritus,
377 2149 489 2232 ²quod
523 2149 566 2211 ad
595 2149 707 2233 plures
741 2150 933 2232 pertinebat,
965 2173 1007 2214 ne
1041 2153 1157 2217 civitas

129 2257 242 2301 eorum
263 2235 408 2319 impulsu
431 2234 594 2313 deficeret,
618 2233 653 2297 L.
677 2234 836 2298 Plancum
861 2257 934 2298 eum
963 2235 1091 2322 legione
1115 2258 1157 2301 ex

126 2322 243 2408 Belgio
266 2321 415 2384 celeriter
437 2320 469 2382 in
493 2319 652 2382 Carnutes
676 2320 841 2404 proticisci
859 2321 955 2404 ‚jubet
966 2322 1077 2405 ibique
1088 2323 1157 2386 hie-

126 2430 225 2483 mare,
248 2426 453 2490 quorumque
476 2425 577 2488 opera
607 2406 801 2489 cognoverit
833 2405 1026 2491 Tasgetium
1058 2409 1157 2472 inter·

126 2493 257 2566 fectum,
280 2491 343 2554 hos
360 2489 617 2574 comprehensos
641 2489 682 2552 ad
707 2512 744 2553 se
765 2491 903 2554 mittere.
947 2491 1099 2556 ³lnterim
1113 2495 1156 2557 ab

127 2579 279 2642 omnibus
303 2576 419 2662 legatis
443 2576 751 2658 quaestoribusque,
775 2576 895 2658 quibus
918 2576 1065 2661 legiones
1090 2587 1157 2642 tra·

127 2663 266 2737 diderat,
300 2661 420 2724 certior
451 2659 560 2723 factus
583 2669 643 2735 est,
676 2661 710 2723 in
730 2660 868 2724 hiberna
890 2671 1084 2746 perventum
1106 2663 1155 2726 lo·

127 2769 267 2832 cumque
288 2745 434 2809 hibernis
458 2767 533 2808 esse
554 2746 721 2808 munitum.

170 2833 220 2897 26.
266 2831 411 2894 lDiebus
435 2830 562 2893 circiter
585 2830 779 2913 quindecim,
808 2832 928 2915 quibus
957 2833 991 2895 in
1018 2831 1156 2897 hiberna

126 2929 260 2984 ventum
284 2924 343 2990 est,
365 2917 490 2978 initium
517 2916 678 2999 repentini
706 2916 865 2980 tumultus
894 2939 932 2980 ac
961 2916 1155 2981 defectionis

127 3013 236 3069 ortum
259 3010 311 3065 est
333 3001 374 3065 ab
397 3001 586 3086 Ambiorige
608 3010 641 3064 et
664 2999 861 3078 Catuvol003
894 3002 959 3085 qui,
989 3025 1088 3087 quum
1111 3003 1156 3066 ad

126 3089 208 3154 fines
230 3087 323 3173 regni
345 3086 396 3148 sui
418 3085 541 3149 Sabino
565 3084 747 3169 Cottaeque
769 3096 903 3170 praesto
926 3086 1067 3151 fuissent
1087 3087 1156 3152 fru-

124 3184 335 3256 mentumque
368 3172 401 3233 in
433 3170 570 3234 hiberna
606 3172 913 3255 comportavissent,
936 3173 1156 3237 lnduciomari

125 3259 255 3324 Treviri
276 3257 404 3320 nunciis
426 3256 559 3338 impulsi
582 3277 663 3318 suos
696 3257 944 3321 concitaverunt
977 3259 1155 3342 subitoque

125 3344 298 3429 oppressis
320 3341 537 3426 lignatoribus
570 3362 688 3426 magna
720 3363 817 3404 manu
850 3341 894 3405 ad
916 3350 1026 3406 castra
1048 3365 1155 3427 oppu-

124 3438 259 3517 gnatum
283 3434 449 3490 venerunt.
495 3423 604 3504 Quum
628 3425 775 3488 celeriter
797 3428 904 3490 nostri
932 3449 1022 3490 arma
1047 3430 1155 3512 cepis·

125 3524 199 3579 sent
220 3512 409 3594 vallumque
431 3509 660 3574 ascendissent
688 3521 787 3595 atque
814 3534 880 3575 una
909 3533 951 3575 ex
978 3524 1072 3596 parte
1095 3513 1154 3575 Hi-

124 3601 237 3684 spanis
260 3598 426 3682 equitibus
461 3596 588 3659 emissis
623 3597 769 3680 equestri
801 3598 929 3680 proelio
963 3599 1155 3682 superiores

123 3685 273 3758 fuissent,
308 3680 484 3764 desperata
516 3703 553 3744 re
585 3680 702 3744 hostes
736 3702 817 3744 suos
839 3683 881 3746 ab
906 3684 1154 3767 oppugnatione

123 3769 334 3833 reduxerunt.
379 3763 485 3828 ²Tum
509 3787 571 3828 suo
593 3786 684 3828 more
707 3765 1002 3842 conclamaverunt,
1025 3768 1072 3830 uti
1096 3769 1155 3831 ali·

124 3855 244 3939 quiex
266 3853 389 3916 nostris
412 3850 456 3914 ad
488 3850 690 3934 colloquium
711 3850 875 3935 prodiret:
911 3851 1033 3916 habere
1068 3874 1154 3928 sese,
