2468 4312
103 216 145 282 22
459 235 501 278 ur
523 234 626 277 uarro
649 234 787 279 caturco

103 371 339 445 intermitteret,
362 370 404 434 ab
428 367 695 453 exploratoribus
718 368 839 432 certior
849 367 956 432 factus
970 377 1030 445 est,
1042 371 1138 436 Ario-

101 456 179 519 visti
208 457 321 540 copias
357 476 377 518 a
408 456 533 518 nostris
566 453 698 518 milibus
727 475 889 537 passuum
917 463 1075 538 quattuor
1105 465 1139 521 et

102 541 216 626 viginti
238 543 366 604 abesse.

144 626 196 690 42.
241 625 383 711 Cognito
406 622 557 687 Caesaris
581 623 727 687 adventu
749 624 939 688 Ariovistus
950 625 1079 710 legatos
1092 627 1137 691 ad

102 734 175 775 eum
198 711 310 774 mittit:
335 709 428 794 quod
450 716 546 773 antea
568 708 631 773 ¹de
654 710 822 793 colloquio
844 710 1067 795 postulasset,
1100 712 1137 776 id

100 818 161 881 per
183 819 220 860 se
243 796 312 859 fieri
335 796 443 869 licere,
467 794 620 877 quoniam
642 795 781 879 propius
794 796 1008 871 accessisset3
1033 817 1137 880 seque

100 881 137 945 id
159 882 229 944 sine
251 879 520 965 periculofacere
542 900 646 963 posse
669 881 864 943 existimare.
908 881 987 945 Non
1007 883 1138 966 respuit

102 966 323 1030 conditionem
347 965 477 1039 Caesar,
495 964 630 1049 jamque
643 986 716 1028 eum
739 965 804 1028 ²ad
826 966 998 1029 sanitatem
1013 969 1136 1031 reverti

102 1052 331 1125 arbitrabatur,
356 1072 456 1135 quum
476 1050 521 1124 id,
545 1050 637 1132 quod
659 1058 757 1114 antea
777 1051 904 1135 petenti
927 1050 1135 1137 denegasset,

101 1137 189 1200 ultro
212 1137 439 1221 polliceretur3
461 1150 492 1197 m
560 1157 677 1218 amque
698 1135 732 1198 in
755 1158 848 1220 spem
870 1137 1037 1212 veniebat,
1070 1159 1135 1221 pro

101 1221 171 1284 suis
194 1223 293 1285 tantis
316 1155 660 1305 populiquealluomani
680 1220 715 1283 in
737 1242 811 1284 eum
832 1221 999 1286 beneficiis
1023 1223 1135 1303 cogni-

100 1307 144 1370 tis
168 1307 237 1371 suis
259 1307 438 1391 postulatis
461 1304 542 1380 fore,
565 1306 613 1369 uti
635 1306 815 1389 pertinacia
838 1307 1022 1370 desisteret.
1051 1307 1134 1371 Dies

101 1392 269 1474 colloquio
294 1392 402 1454 dictus
432 1398 484 1454 est
512 1412 616 1454 exeo
641 1390 693 1454 dio
717 1392 860 1475 quintus.
904 1391 1038 1455 Interim
1061 1396 1135 1456 saess

100 1497 143 1561 pe
165 1477 254 1540 ultro
279 1478 428 1560 citroque
452 1497 553 1560 quum
580 1476 682 1561 legati
709 1477 794 1539 inter
822 1499 881 1540 eos
910 1477 1133 1554 mitterentur,

100 1561 289 1625 Ariovistus
312 1561 503 1645 postulavit,
525 1583 567 1624 ne
590 1581 687 1644 quem
709 1561 855 1645 peditem
867 1561 912 1624 ad
929 1563 1133 1645 colloquium

100 1645 223 1710 Caesar
245 1646 439 1710 adduceret:
462 1647 569 1709 vereri
592 1668 637 1720 se,
660 1668 701 1708 ne
723 1668 783 1731 per
804 1647 942 1711 insidias
954 1648 996 1711 ab
1013 1668 1053 1710 co
1070 1648 1133 1712 cir·

100 1732 354 1795 cumveniretur:
382 1741 521 1816 uterque
550 1752 624 1794 cum
652 1732 799 1815 equitatu
821 1731 961 1795 veniret:
995 1733 1060 1795 alia
1079 1756 1133 1797 ra·

99 1817 189 1881 tione
212 1839 286 1880 sese
308 1839 375 1880 non
403 1838 478 1880 esse
505 1825 687 1879 venturum.
738 1816 874 1891 Caesar,
904 1817 996 1901 quod
1023 1839 1132 1901 neque

99 1902 323 1986 ³colloquium
350 1902 546 1985 interposita
574 1922 675 1964 causa
696 1901 770 1966 tolli
791 1903 927 1967 volebat
948 1923 1056 1986 neque
1079 1924 1131 1967 sa·

99 1985 202 2050 lutem
231 2008 324 2049 suam
353 1985 524 2049 Gallorum
553 1988 712 2070 equitatui
740 1989 943 2050 committere
971 1987 1131 2063 audebat,

101 2072 402 2135 commodissimum
430 2093 507 2134 esse
540 2073 669 2146 statuit,
697 2072 871 2136 ⁴omnibus
900 2073 993 2156 equis
1024 2071 1131 2136 Gallis

101 2157 265 2240 equitibus
290 2157 461 2231 detractis,
485 2179 524 2220 eo
547 2157 746 2242 legionarios
769 2159 888 2220 milites
911 2157 1049 2242 legionis
1074 2157 1131 2222 de·

100 2242 210 2317 cimae,
234 2243 287 2305 cui
310 2243 556 2325 quammaxime
568 2241 764 2316 confidebat,
786 2243 964 2326 imponere,
986 2251 1025 2306 ut
1034 2265 1132 2327 prae·

100 2327 219 2390 sidium
242 2350 340 2412 quam
362 2328 600 2400 amicissimum,
624 2327 673 2390 ⁵si
696 2327 776 2410 quid
799 2349 884 2411 opus
910 2327 1000 2390 facto
1024 2342 1129 2403 esset,
1178 2373 1180 2377 -

99 2411 243 2477 haberet.
288 2412 390 2491 Quod
412 2434 513 2497 quum
534 2413 635 2483 fieret,
659 2412 745 2475 ⁰n0n
759 2412 925 2476 irridicule
937 2413 1071 2497 quidam
1088 2435 1130 2477 ex

98 2497 256 2560 militibus
281 2497 425 2561 decimae
448 2499 586 2583 legionis
611 2498 708 2561 dixit:
732 2498 822 2583 plus,
850 2519 945 2584 qaam
972 2499 1131 2582 pollicitus

99 2594 184 2663 esset,
209 2584 370 2646 Caesarem
382 2583 509 2670 facere:
530 2584 718 2667 pollicitum,
747 2607 783 2666 sa
800 2584 834 2645 ia
856 2583 987 2646 cohortis
1002 2594 1129 2668 praeto-

97 2670 167 2732 riae
194 2668 258 2733 loco
287 2670 437 2732 dammam
464 2669 611 2753 legionem
638 2668 828 2748 latiarem,
858 2667 923 2731 'ad
950 2691 1059 2756 equam
1080 2691 1129 2731 re-

97 2754 236 2817 seribere,

140 2837 191 2901 43.
235 2838 393 2902 Planities
423 2845 494 2902 erat
520 2859 638 2924 magna
666 2846 700 2902 et
720 2839 754 2901 in
777 2858 816 2901 ca
838 2838 1005 2901 ¹tumulus
1026 2845 1130 2901 terre·

97 2944 160 2986 nus
195 2923 275 2987 satis
304 2922 450 3009 grandis.
501 2923 565 2986 Hic
594 2924 687 2986 locus
716 2944 824 3006 aequo
849 2921 918 2986 fere
946 2923 1055 3007 spatio
1085 2923 1128 2985 ab

98 3008 215 3071 castris
239 3007 397 3072 Ariovisti
426 3015 459 3072 et
481 3008 633 3071 Caesaris
656 3010 777 3071 aberat.
821 3007 883 3081 Eo,
906 3017 944 3071 ut
965 3013 1036 3070 erat
1058 3006 1128 3070 ²di-

98 3099 201 3168 ctum,
241 3093 284 3157 ad
317 3093 521 3177 colloquium
552 3100 721 3157 venerunt.
776 3091 956 3177 Legionem
989 3090 1129 3166 Caesar,

97 3177 216 3262 ³quam
238 3178 331 3262 equis
355 3177 547 3252 devexerat,
575 3179 732 3261 passibus
762 3175 912 3240 ducentis
942 3179 984 3241 ab
1013 3198 1053 3239 eo
1076 3184 1128 3238 tu-

96 3264 186 3326 mulo
209 3263 387 3326 constituit.
431 3264 513 3327 Item
536 3264 663 3346 equites
686 3262 844 3325 Ariovisti
865 3261 938 3346 pari
952 3261 1127 3325 intervallo

96 3349 323 3412 constiterunt.
367 3347 572 3422 Ariovistus,
593 3348 657 3410 ⁴ex
680 3346 773 3430 cquis
796 3355 834 3409 ut
856 3346 1128 3431 colloquerentur

97 3440 130 3497 et
175 3441 282 3496 raeter
305 3454 341 3495 se
365 3432 469 3496 denos
492 3440 530 3497 ut
552 3431 595 3495 ad
618 3431 818 3515 colloquium
831 3430 1043 3506 adducerent,
1066 3451 1127 3515 po·

96 3455 240 3581 stulavit.
285 3516 351 3582 Ubi
374 3539 413 3580 eo
435 3525 570 3581 ventum
599 3523 665 3592 est,
695 3515 817 3579 Caesar
844 3516 937 3579 initio
967 3516 1126 3580 orationis

96 3622 157 3665 sua
180 3609 381 3686 senatusque
402 3604 437 3666 in
460 3624 533 3665 eum
546 3601 706 3665 beneficia
728 3600 1023 3676 ⁵commemoravit,
1045 3600 1130 3687 qaod

95 3709 151 3749 rea
173 3688 347 3771 appellatas
368 3698 471 3751 assata
485 3698 599 3767 senam,
623 3686 706 3775 qaod
726 3688 850 3766 amicus,
874 3684 977 3772 “qaod
995 3708 1128 3750 manaem

96 3773 283 3855 arrtplbsime
303 3775 414 3855 malem,-
484 3795 536 3836 am
563 3795 628 3835 rem
656 3781 685 3834 et
705 3773 821 3855 paucis
842 3772 999 3854 contiguae
1020 3783 1049 3834 et
1062 3793 1127 3856 pro

94 3858 216 3940 magnis
237 3857 394 3920 homiuum
416 3794 524 3949 (fficio
547 3878 700 3920 comum-re
721 3857 816 3920 athai
830 3855 986 3934 docebat3
1009 3857 1126 3939 'illlata
