2468 4312
133 232 192 301 llo
479 254 522 295 ns
544 250 649 302 senno
671 248 810 294 oannrco

130 389 275 475 equitum
297 385 465 473 praesidio
489 406 587 468 quam
610 392 775 468 quattuor,
799 381 921 467 quibus
949 379 1033 445 solis
1063 380 1163 445 vitam

130 496 224 539 suam
246 474 447 537 committere
470 471 621 534 audebat.
1152 544 1155 549 Ι

173 561 224 625 44.
269 557 344 622 Tali
368 556 467 620 modo
490 555 629 619 vastatis
654 551 845 638 regionibus
874 552 1053 616 exercitum
1082 550 1164 617 Cae·

131 666 187 709 sur
209 643 368 708 ¹duarum
390 641 576 704 cohortium
598 638 719 703 damno
748 637 1011 701 Durocortorum
1044 637 1165 701 Reme·

131 752 203 794 rum
225 728 356 792 reducit
377 725 583 810 concilioque
604 725 639 788 in
661 745 735 787 eum
757 723 867 786 locum
890 722 1018 787 Galliae
1038 721 1165 786 indicto

134 815 176 879 de
199 813 425 900 conjuratione
458 811 626 874 Senonum
658 820 692 872 et
724 808 904 871 Carnutum
936 808 1166 891 quaestionem

132 900 255 964 habere
276 897 417 961 instituit
440 905 473 959 et
495 896 538 959 de
559 895 702 968 Accone,
734 895 792 977 qui
813 894 969 977 princeps
991 893 1065 978 ejus
1088 913 1167 955 con·

133 985 197 1048 silii
219 982 335 1055 luerat,
357 981 529 1066 ²gruviore
551 981 714 1044 sententia
734 979 952 1062 pronunciata
984 999 1076 1043 more
1098 996 1167 1040 ma·

131 1069 243 1154 jorum
267 1066 465 1151 supplicium
494 1066 644 1149 sumpsit.
699 1064 858 1129 Nonnulli
887 1062 1049 1147 judicium
1072 1062 1168 1125 veriti

135 1152 367 1238 profugerunt3
390 1151 531 1234 ³quibus
554 1170 654 1233 quum
676 1168 762 1231 equa
784 1161 884 1232 atque
899 1148 966 1232 igni
977 1147 1169 1211 interdixis-

135 1250 196 1307 set,
220 1238 304 1301 duas
328 1237 475 1321 legiones
498 1233 645 1299 adfines
669 1233 892 1304 Trevirorum
926 1232 1012 1320 duas
1032 1233 1068 1296 iu
1090 1231 1169 1295 Lin-

159 1324 287 1395 0nibus‚
311 1343 371 1383 sex
393 1321 539 1404 reliquas
561 1320 594 1382 in
617 1318 785 1384 Senonum
807 1318 927 1381 finibus
950 1317 1112 1402 Agedinci
1135 1316 1170 1380 in

136 1343 283 1472 liburnis
306 1405 482 1469 collocavit
502 1403 734 1492 frumentoque
756 1403 913 1466 exercitui
934 1403 1084 1486 proviso,
1110 1403 1170 1464 ⁴ut

136 1493 332 1565 instituerat,
364 1490 399 1553 in
426 1490 553 1557 ltaliam
585 1488 629 1553 ad
661 1498 846 1552 conventus
879 1485 1029 1574 agendos
1057 1486 1170 1571 proie-

138 1587 212 1641 ctus
236 1585 296 1640 est.

551 1696 751 1717 W

498 1828 690 1897 LIBER
726 1826 810 1899 vll.

187 2003 212 2067 l.
258 2000 377 2080 Quieta
390 1999 496 2063 Gallia
509 1998 640 2073 Caesar,
662 1998 719 2062 ¹ut
742 1998 967 2071 constituerat,
989 1998 1023 2061 in
1044 1998 1173 2065 Italiam

142 2086 185 2151 sd
207 2094 390 2149 cenventus
406 2083 553 2168 agendos
576 2084 804 2168 proficiscitur.
849 2083 917 2148 ²Ibi
940 2085 1115 2167 cognoscit
1130 2083 1173 2147 de

142 2171 250 2236 Clodii
272 2169 383 2243 caede,
407 2169 449 2232 de
472 2177 674 2252 senatusque
710 2170 866 2232 consulto
900 2169 1021 2231 certior
1052 2167 1173 2245 factus,

141 2267 179 2320 ut
203 2266 317 2319 omnes
334 2254 484 2402 pleniores
513 2253 626 2321 ltaliae
660 2254 878 2339 conjurarent
912 2253 1069 2316 dilectum
1102 2262 1175 2317 tota

142 2341 313 2426 provincia
359 2340 456 2406 abore
478 2338 627 2405 instituit.
671 2337 741 2406 Eae
763 2359 817 2405 res
840 2338 873 2400 in
896 2336 1036 2401 Galliam
1049 2337 1175 2401 Trans·

145 2426 287 2510 alpinam
321 2424 471 2488 celeriter
499 2421 717 2506 perferuntur.
771 2421 910 2488 Addunt
937 2424 1003 2506 ipsi
1025 2432 1059 2486 et
1080 2422 1176 2487 affin·

143 2519 225 2596 gunt
247 2511 434 2573 rumoribus
469 2506 565 2576 Gaui.
599 2506 691 2590 qued
723 2529 778 2571 res
810 2528 951 2591 posuere
984 2507 1175 2571 videbatur:

143 2595 276 2663 retineri
297 2597 426 2658 urbano
447 2600 540 2658 motu
563 2591 856 2676 Caesaremnequc
877 2594 910 2657 in
933 2592 1177 2657 tuntisdissen·

144 2679 293 2742 sionibus
316 2678 360 2741 ad
383 2677 560 2744 exereitum
583 2677 693 2740 venire
717 2698 827 2760 posse.
872 2678 944 2740 Hac
964 2678 1098 2761 impulsi
1120 2700 1177 2740 oc·

145 2765 288 2837 sasione,
311 2763 367 2848 qui
385 2763 453 2846 jam
477 2771 552 2824 ante
573 2763 688 2845 populi
722 2761 861 2829 Romani
893 2763 1031 2846 imperio
1064 2762 1177 2846 subje-

146 2857 219 2910 ctos
242 2847 402 2919 dolerent,
424 2845 559 2915 liberius
582 2855 682 2930 atque
705 2845 864 2910 audacius
899 2846 941 2909 de
974 2846 1064 2911 bellu
1097 2868 1178 2911 oon·

146 2932 220 2995 silia
240 2931 321 2995 inire
342 2931 508 3014 incipiunt.
553 2930 689 2999 Indictis
699 2932 785 2994 inter
807 2953 845 2994 se
867 2931 1031 3015 prinsipes
1048 2930 1177 2995 Galliac

146 3016 293 3079 conciliis
315 3016 526 3079 silvestribus
560 3036 599 3080 ae
631 3017 767 3079 remotis
801 3016 884 3081 locis
918 3017 1100 3098 queruntur
1134 3014 1178 3081 de

145 3101 288 3165 Acconis
310 3109 430 3174 morte;
464 3120 567 3183 posse
588 3100 678 3163 huno
699 3120 812 3165 casum
834 3100 879 3166 ed
905 3100 1000 3183 ipsos
1027 3100 1177 3165 recidere

147 3185 390 3259 ‹lemonstrant3
412 3185 609 3248 miserantur
631 3205 834 3249 communem
857 3184 984 3248 Galliae
995 3183 1178 3260 fortunam

147 3270 298 3334 omnibus
321 3270 616 3354 pollicitationibus
637 3290 678 3333 uc
699 3270 853 3354 praemiis
885 3268 1083 3352 deposcunt,
1120 3270 1179 3354 qui

146 3355 224 3418 belli
246 3355 373 3418 initium
393 3353 515 3418 faciant
537 3363 571 3417 et
591 3355 645 3416 sui
667 3355 785 3436 capitis
807 3354 954 3439 periculo
978 3353 1119 3417 Galliam
1144 3355 1178 3418 in

147 3439 332 3503 libertatem
353 3439 528 3503 vindicent.
572 3438 744 3522 ³Inprimis
766 3440 926 3503 rationem
949 3460 1025 3501 esse
1053 3437 1178 3503 haben·

148 3524 223 3587 dam
262 3524 391 3599 dicunt,
428 3524 621 3608 priusquam
654 3543 768 3585 eorum
801 3522 1007 3587 clandestina
1039 3524 1179 3587 consilia

148 3608 331 3683 efferantur,
364 3617 402 3672 ut
434 3608 557 3670 Caesar
589 3609 631 3670 ab
664 3608 811 3671 exercitu
846 3606 1094 3673 intercludatur.
1138 3607 1179 3672 Id

148 3713 224 3756 esse
246 3691 351 3764 facile,
374 3691 466 3777 quod
489 3712 595 3775 neque
618 3692 764 3777 legiones
785 3692 930 3755 audeant
951 3693 1092 3758 absente
1120 3694 1179 3756 im·

146 3785 300 3860 peratore
312 3799 354 3839 ex
365 3777 510 3841 hibernis
526 3775 647 3861 egredi,
669 3796 776 3859 neque
798 3778 975 3860 imperator
998 3778 1069 3840 sine
1084 3800 1179 3862 prae·

148 3860 234 3925 sidio
257 3862 301 3925 ad
323 3862 470 3947 legiones
492 3863 663 3945 pervenire
685 3862 809 3945 possit3
841 3868 1012 3944 postremo
1045 3884 1080 3927 m
1109 3864 1185 3928 acie
