2468 4312
128 216 168 282 10
477 238 519 278 nn
541 237 644 280 annno
668 237 805 280 asnmoo

125 381 213 450 etam,
236 371 358 434 initirem
379 371 443 451 ejas
455 370 555 456 sityae
567 369 692 457 sactum
714 393 734 432 a
755 371 947 454 Dumnorige
975 382 1065 457 atoue
1092 373 1156 453 ejas

125 457 272 542 equitibus
294 457 380 539 (nam
402 454 568 537 equitatui,
603 476 700 538 quem
722 455 844 518 auxilio
868 454 1000 519 Caesari
1023 456 1155 520 Haedui

124 541 289 603 miserant.
313 539 497 603 Dumnorix
508 538 686 623 praeerat);
709 562 814 603 comm
826 540 910 627 fuya
932 541 1084 626 reliquam
1094 564 1156 604 esse

124 628 290 711 equitatum
305 625 512 708 perterritum

171 709 217 772 19.
264 707 392 786 Quibus
415 710 515 773 rebus
539 707 693 794 cognitis,
717 730 818 792 quum
840 708 884 772 ad
905 709 966 772 has
991 708 1155 794 suspicio·

123 814 183 857 nes
207 793 428 856 lcertissimae
449 815 503 856 res
527 792 735 869 accederent,
773 793 865 877 quod
891 816 951 879 per
978 794 1061 858 fines
1095 794 1154 858 Se-

124 899 307 961 quanorum
329 877 501 941 Helvetios
531 877 749 953 traduxisset,
783 878 875 962 quod
903 879 1039 943 obsides
1068 880 1154 943 inter

124 984 183 1025 eos
208 961 337 1026 dandos
362 970 524 1036 curasset,
554 962 646 1046 quod
669 984 708 1025 ea
730 963 837 1025 omnia
869 986 936 1027 non
969 963 1071 1027 modo
1105 965 1153 1026 in-

118 1045 219 1131 jussu
242 1047 324 1110 ²su0
348 1056 381 1110 et
409 1047 564 1121 civitatiS,
594 1047 655 1109 sed
684 1048 780 1110 etiam
807 1048 1020 1113 inscientibus
1050 1047 1153 1132 ³ipsis

122 1130 272 1205 fecisset,
307 1131 399 1215 quod
421 1153 440 1194 a
462 1133 655 1215 magistratu
682 1132 899 1195 Haeduorum
927 1142 1153 1196 accusaretur:

124 1217 205 1279 satis
230 1238 305 1279 esse
328 1237 446 1278 causac
469 1216 703 1291 arbitrabatur,
727 1237 828 1298 quare
849 1216 883 1278 in
905 1239 978 1279 eum
1001 1225 1059 1280 aut
1080 1218 1153 1301 ipse

122 1301 397 1364 animadverteret
430 1309 487 1363 aut
520 1301 683 1363 civitatem
722 1300 981 1364 animadvertere
1009 1300 1153 1384 juberet.

121 1383 184 1448 His
208 1387 359 1449 omnibus
381 1387 481 1448 rebus
509 1407 608 1448 unum
637 1387 856 1470 repugnabat,
885 1385 978 1469 quod
998 1385 1154 1449 Divitiaci

121 1467 232 1532 fratris
257 1491 418 1532 summum
440 1471 471 1532 in
495 1470 655 1553 populum
668 1469 852 1533 Romanum
873 1470 1048 1545 ⁴studium,
1064 1492 1153 1533 sum·

121 1575 207 1616 mam
228 1555 262 1617 in
285 1577 321 1617 se
344 1555 555 1628 voluntatem,
580 1555 742 1639 egregiam
764 1554 871 1630 fidem,
889 1555 1060 1640 justitiam,
1072 1563 1153 1618 tem·

120 1639 301 1722 perantiam
324 1647 537 1724 cognoverat3
567 1660 641 1701 nam
669 1661 711 1702 ne
739 1639 811 1724 ejus
840 1640 1003 1724 supplicio
1041 1639 1152 1703 ⁵Divi-

120 1723 196 1786 tiaoi
208 1725 348 1787 animum
360 1722 549 1797 offenderet,
572 1724 755 1786 verebatur.
798 1725 914 1809 Itaque
935 1725 1037 1809 prius,
1054 1745 1153 1808 quam

121 1809 296 1890 quicquam
319 1817 501 1883 conaretur,
524 1808 721 1871 Divitiacum
744 1809 787 1871 ad
810 1831 847 1872 se
869 1811 980 1872 vocari
998 1809 1096 1895 jubet
1119 1817 1153 1873 et

120 1891 340 1975 lquotidianis
363 1894 597 1976 interpretibus
620 1895 755 1956 remotis
770 1916 830 1978 per
843 1892 877 1957 C.
889 1894 1058 1958 Valerium
1069 1895 1152 1957 Pro-

120 1977 239 2052 cillum,
262 1977 462 2061 ⁷prinoipem
478 1976 604 2041 Galliae
626 1980 822 2062 provinciae,
845 1978 1035 2043 familiarem
1047 2001 1151 2055 suum,

119 2061 193 2124 8cui
219 2083 377 2124 summam
400 2063 543 2125 omnium
564 2084 673 2125 rerum
695 2063 794 2126 fidem
815 2063 974 2139 habebat,
1003 2086 1079 2127 cum
1111 2085 1151 2127 eo

119 2147 332 2230 colloquitur:
357 2147 454 2209 simul
476 2146 754 2223 ⁹commonefaoit,
779 2170 863 2231 quae
884 2149 959 2231 ipso
974 2157 1151 2233 praesente

118 2231 152 2294 in
175 2231 313 2294 concilio
339 2229 510 2294 Gallorum
522 2231 564 2294 de
576 2231 778 2316 Dumnorige
801 2233 867 2295 sint
879 2232 974 2308 dicta,
991 2240 1024 2296 et
1039 2241 1150 2297 osten·

120 2314 182 2391 dit,
212 2336 296 2399 quae
334 2317 509 2399 separatim
544 2317 684 2400 quisque
713 2317 755 2380 de
785 2338 824 2381 eo
848 2317 939 2401 apud
961 2339 998 2380 se
1022 2317 1150 2381 dixerit.

117 2399 206 2463 Petit
228 2409 327 2485 atque
355 2401 521 2474 hortatur,
555 2400 625 2463 ¹⁰ut
653 2401 723 2464 sine
757 2401 828 2485 ejus
852 2401 1031 2465 offensione
1054 2403 1151 2465 animi

117 2485 171 2547 vel
193 2485 266 2567 ipse
300 2485 342 2547 de
371 2507 410 2547 eo
445 2506 546 2548 causa
578 2486 709 2570 cognita
742 2492 866 2549 statuat
898 2486 952 2550 vel
986 2486 1150 2551 civitatem

117 2575 263 2632 statuere
280 2569 405 2653 jubeat

160 2653 211 2716 20.
254 2652 436 2716 Divitiacus
460 2654 571 2717 multis
594 2654 688 2717 lcum
710 2655 851 2717 lacrimis
869 2653 1045 2719 Caesarem
1060 2677 1149 2718 com·

116 2736 237 2821 plexus
261 2739 436 2800 obsecrare
460 2740 583 2821 coepit,
611 2739 669 2802 ²ae
697 2741 773 2825 qaid
795 2741 924 2823 gravius
952 2742 985 2803 ia
1012 2740 1151 2825 fratrem

116 2832 264 2885 statueret.
311 2821 419 2885 ³Scire
439 2847 484 2902 se,
518 2823 575 2886 illa
596 2847 657 2886 esse
684 2847 772 2898 cera,
806 2826 882 2887 *προ
908 2848 1090 2910 qiiaaqaam
1113 2849 1151 2888 eu

117 2927 151 2974 eo
167 2905 255 2990 pias,
278 2928 372 3005 qaam
392 2929 436 2985 se,
471 2907 585 2970 doloris
607 2930 730 2992 capere,
748 2919 917 2992 propterea
939 2910 1032 2994 quod,
1057 2932 1150 2995 quiem

116 2990 182 3074 ipse
200 3002 307 3074 qratia
323 2992 497 3075 plurimum
518 2991 602 3054 dani
623 3005 712 3078 atque
733 2995 767 3055 ia
794 2994 915 3079 reliqua
945 2992 1067 3073 Gallia,
1098 2995 1150 3058 ille

115 3076 277 3137 minimam
298 3088 430 3159 propter
458 3076 710 3141 ⁵adelesceatiam
733 3089 847 3162 posset,
881 3077 959 3162 lper
986 3102 1017 3140 se
1039 3081 1148 3140 crevis-

115 3170 173 3222 set.-
195 3159 322 3246 'aetitia
347 3161 455 3244 opibus
477 3184 514 3224 ac
535 3163 636 3224 nervis
663 3185 726 3224 aaa
753 3164 850 3225 solam
880 3164 923 3225 ad
948 3162 1149 3226 minuendam

112 3246 263 3328 gratiam,
297 3245 350 3306 sed
365 3268 470 3328 paene
491 3246 534 3308 ad
548 3248 719 3329 perniciem
739 3271 828 3310 suam
848 3257 997 3310 uteretur:
1017 3271 1080 3310 sese
1102 3259 1148 3311 ta·

114 3351 184 3391 mea
206 3340 235 3392 et
255 3351 360 3392 amore
372 3329 518 3414 fraterno
540 3341 568 3394 et
588 3332 807 3394 existimatione
831 3332 916 3413 aulai
937 3332 1146 3394 ⁸eommooeii.

115 3410 228 3492 ”theod
247 3415 276 3476 si
297 3414 372 3499 qaid
393 3416 421 3476 ei
444 3437 464 3476 a
488 3415 618 3477 Caesare
636 3418 764 3497 gravius
787 3416 950 3495 accidisset,
974 3439 1067 3501 quam
1082 3418 1148 3500 epse

116 3496 218 3560 ¹⁰eam
239 3498 339 3561 lecum
361 3499 517 3561 amicitiae
538 3499 625 3582 apud
645 3522 713 3562 eam
734 3511 850 3580 teneret,
873 3502 1024 3563 neminem
1045 3503 1147 3563 existi·

114 3592 277 3661 materam,
300 3605 362 3644 aaa
384 3582 475 3644 llsaa
496 3583 648 3645 oolaatate
660 3583 800 3669 sactum
832 3607 894 3670 qua
916 3608 954 3646 ea
974 3608 1009 3647 re
1031 3583 1146 3668 ¹²satu·

114 3687 198 3745 men,
226 3669 272 3728 ati
298 3668 387 3728 totius
416 3665 541 3729 Galliae
569 3669 668 3730 animi
694 3691 715 3732 a
741 3692 773 3730 se
795 3679 1008 3731 avertereamr.
1052 3669 1146 3732 Haeo

117 3770 217 3832 quum
240 3749 267 3788 ¹³
274 3750 425 3831 pluribus
448 3751 558 3814 verbis
582 3749 664 3814 flens
687 3773 707 3814 a
730 3750 870 3815 Caesare
892 3760 1035 3837 peteret,
1064 3752 1146 3817 Cae-

116 3853 171 3895 sar
183 3833 254 3916 ejus
267 3833 417 3897 dextram
427 3834 572 3918 prendit3
596 3836 787 3899 consolatus
809 3846 913 3922 rogat,
936 3837 1033 3900 finem
1050 3860 1145 3902 oran-
