2468 4312
411 256 471 299 ue.
493 254 548 298 vn.
593 256 661 298 car.
684 233 818 298 26-31.
1061 231 1121 316 129

95 389 352 473 patrii‘lierentur
373 389 568 452 inccrnmodo.
623 390 697 451 Noa
729 390 836 451 virtue
867 410 962 476 neque
994 389 1027 451 in
1055 389 1122 452 acie

97 477 205 537 cicime
227 476 390 552 Romaene,
412 476 465 536 ced
486 477 548 538 arti
563 476 615 537 ’iio
647 475 779 575 pcecdcm
811 486 838 538 el
865 475 1006 548 scientia¹
1023 496 1120 559 oppu-

96 562 263 644 gnatione,
286 562 371 640 cupite
391 562 438 622 rei
448 560 572 645 suerint
591 562 652 643 ipse
674 561 814 645 imperiti.
868 560 1048 638 Denaris-ei
1099 561 1122 623 ci

98 645 233 708 intelle
254 667 355 707 murice
376 646 520 708 marcellos
533 668 635 708 rernm
651 657 816 730 procerum
838 655 1009 730 exspectent.
1078 645 1122 708 tte·

98 731 430 816 mmqituneplacnicee
451 733 617 794 Asturicum
639 730 766 818 defendi
790 733 929 813 asperet
943 742 1024 794 testea
1040 733 1122 816 ipsae

42 884 46 888 Α
98 816 236 896 latmi,
269 817 321 879 sed
347 815 470 900 sactum
507 817 715 901 imprudentia
750 817 927 899 Biturigum
963 827 990 879 el
1024 819 1122 881 nimia

98 903 292 988 cbeepeentia
313 901 505 986 reliqum-auu,
528 905 573 965 uli
593 903 649 964 lice
673 903 893 965 incmnmcdum
926 904 1119 987 acciperetur.

97 988 143 1052 -Iu
168 996 269 1050 tamea
299 1011 331 1049 ee
363 987 496 1049 celeriter
530 989 698 1070 majoribus
735 989 896 1052 commodis
931 999 1120 1051 scaenicum.

99 1073 287 1158 Necaqme
308 1073 348 1135 ab
368 1073 492 1158 reliquie
515 1073 616 1136 Gallae
637 1075 768 1135 civitatee
789 1073 1121 1140 unianimitatem

99 1159 259 1242 diligentia
281 1158 493 1240 odjbunurum
517 1169 605 1244 atque
626 1182 719 1221 ateium
742 1161 898 1222 concilium
923 1160 1011 1221 totius
1044 1157 1120 1221 Gal·

99 1246 164 1307 liae
184 1245 364 1333 effectuum,
388 1245 473 1323 cuplae
495 1247 651 1307 caesenati
671 1267 710 1306 ne
730 1243 812 1308 orbis
833 1244 952 1331 quidem
970 1256 1121 1307 terrorum

95 1330 196 1415 poscit
216 1329 482 1414 obsisterem-idque
502 1355 533 1392 ee
549 1353 650 1414 prope
664 1331 735 1412 jum
750 1333 884 1419 effectum
905 1329 1023 1392 tabae.
1068 1331 1120 1394 In·

99 1427 183 1478 terea
206 1438 416 1500 aequaliterne
438 1415 477 1478 ab
501 1417 539 1478 iic
565 1417 731 1478 commercio
761 1417 867 1479 salluis
900 1437 993 1478 cauea
1026 1417 1120 1500 impe-

98 1502 189 1580 trari,
211 1511 246 1563 ul
266 1511 367 1564 costra
387 1502 507 1563 uiunire
528 1503 719 1581 instituerent,
752 1523 811 1588 quo
834 1500 967 1588 facilius
991 1502 1121 1585 repenti·

99 1609 156 1650 nce
176 1585 305 1649 boatium
325 1588 453 1670 impetur
473 1587 656 1648 obtinerent.

144 1672 195 1736 30.
238 1671 313 1734 Fuit
334 1671 416 1734 haec
439 1672 619 1734 orationon
632 1673 757 1756 ingrata
774 1670 886 1745 Gallie,
909 1671 962 1734 ¹et
985 1671 1121 1734 maxime

99 1757 193 1841 quod
214 1758 287 1841 ipse
309 1758 415 1819 auimo
439 1779 504 1819 non
527 1756 691 1820 defecerat
714 1766 803 1820 tanto
832 1765 967 1842 accepto
1000 1757 1121 1819 incom-

90 1842 201 1908 modo
224 1864 330 1925 neque
353 1865 389 1906 se
410 1844 442 1905 in
466 1842 629 1905 occultum
652 1843 822 1906 abdiderat
854 1852 887 1906 ct
909 1849 1120 1927 conspectum

99 1928 318 1992 multitudinis
341 1927 483 2012 fugerat3
506 1929 647 2013 plusque
669 1930 775 1992 animo
797 1928 971 2014 providere
985 1937 1120 2012 etprae-

101 2017 223 2077 sentire
246 2014 500 2086 existimabatur,
548 2013 613 2077 uod
637 2037 671 2077 re
694 2015 934 2100 integraprimo
949 2011 1121 2076 incenden-

101 2098 181 2163 dum
203 2100 384 2172 Avaricum,
418 2109 497 2183 post
524 2035 745 2164 deserendum
772 2109 951 2163 censuerat.
1006 2099 1120 2182 Itaque

99 2194 139 2248 ut
160 2185 359 2270 reliquorum
382 2186 611 2269 imperatorum
633 2207 687 2249 res
711 2185 870 2249 adversae
896 2185 1120 2248 auctoritatem

100 2272 257 2345 minuunt,
281 2271 328 2333 sic
350 2271 448 2356 hujus
472 2292 515 2351 erg
542 2272 704 2333 contrario
739 2271 880 2355 dignitas
914 2269 1119 2332 incommodo

100 2364 238 2441 accepto
261 2357 294 2419 in
318 2355 387 2418 dies
411 2357 596 2440 augebatur.
651 2356 754 2420 Simul
775 2357 808 2419 in
831 2377 923 2439 spem
948 2355 1122 2417 veniebant

100 2443 172 2527 ejus
196 2441 408 2504 affirmatione
443 2440 483 2503 de
516 2442 649 2525 reliquis
684 2439 899 2526 adjungendis
926 2439 1119 2514 civitatibu8‚

99 2528 303 2612 primumque
328 2549 366 2589 eo
389 2536 535 2610 tempore
559 2525 645 2590 Galli
679 2536 787 2590 castra
818 2526 942 2588 munire
974 2525 1121 2588 institue·

99 2626 177 2677 runt
200 2621 233 2675 et
255 2613 323 2674 ²sic
346 2620 423 2674 sunt
450 2613 556 2675 animo
591 2612 790 2675 consternati
822 2610 969 2674 homines
1002 2610 1121 2675 insueti

99 2699 235 2773 laboris,
260 2706 297 2760 ut
330 2698 445 2773 omnia,
479 2720 562 2782 quae
595 2698 837 2782 imperarentur,
872 2697 934 2761 sibi
966 2695 1122 2781 patienda

101 2785 332 2848 existimarent.

144 2870 194 2933 31.
239 2870 309 2934 Nee
330 2868 446 2941 minus,
481 2891 577 2952 quam
601 2877 651 2932 est
673 2867 848 2954 pollicitae,
871 2866 1120 2953 Vercingetorix

101 2956 208 3019 anicio
232 2955 411 3028 laborabat,
435 2963 470 3016 ut
491 2955 633 3038 reliquas
661 2955 807 3018 civitates
841 2952 1040 3040 adjungeret,
1074 2962 1121 3016 at·

101 3062 166 3125 que
190 3061 245 3103 eas
269 3039 364 3102 donis
380 3039 737 3124 pollicitationibusque
760 3040 930 3102 alliciebat.
976 3038 1059 3102 Huic
1074 3038 1122 3102 rei

99 3126 240 3190 idoneos
262 3125 410 3188 homines
434 3124 605 3212 deligebat,
629 3147 766 3209 quorum
793 3125 931 3208 quisque
960 3136 1016 3188 aut
1049 3146 1121 3187 ora·

100 3211 190 3274 tione
227 3211 370 3274 subdola
402 3221 458 3274 aut
494 3212 631 3275 amicitia
663 3210 814 3276 facillime
847 3232 962 3295 capere
996 3220 1119 3294 posset.

102 3296 166 3376 Qui
189 3296 329 3360 Avarico
354 3307 539 3383 expugnato
562 3295 755 3382 refugerant,
779 3295 952 3360 armandos
982 3296 1121 3358 vestien-

102 3381 232 3465 dosque
255 3392 355 3445 curat.
399 3382 502 3446 Simul
524 3393 560 3445 ut
583 3381 765 3446 deminutae
788 3381 901 3465 copiae
923 3378 1121 3465 redintegra-

100 3477 223 3542 rentur,
245 3468 384 3551 imperat
405 3477 528 3532 certum
560 3489 727 3531 numerum
760 3467 894 3533 militum
927 3465 1121 3541 ciiitatibua

102 3575 198 3636 quem
222 3562 254 3615 et·
276 3574 373 3636 quam
396 3562 469 3616 ante
493 3553 578 3616 diem
600 3553 633 3616 in
655 3563 763 3616 castra
796 3550 914 3615 adduci
947 3551 1033 3623 velit,
1070 3572 1121 3613 sa.-

101 3639 318 3724 gittariosque
341 3659 462 3712 omnes,
486 3637 624 3722 quorum
648 3648 716 3702 erat
739 3657 932 3723 permagnus
955 3636 988 3698 in
1015 3635 1122 3699 Gallia

101 3745 265 3796 numerus,
300 3725 448 3807 conquiri
481 3733 513 3786 et
536 3723 579 3787 ad
601 3745 637 3788 se
659 3724 740 3786 mitti
769 3723 873 3809 jubet.
927 3720 988 3784 His
1021 3722 1120 3786 rebus

102 3810 250 3872 celeriter
273 3808 316 3881 id,
340 3808 429 3893 quod
452 3809 581 3872 Avarici
615 3809 804 3893 deperierat,
835 3807 992 3892 expletur.
1036 3806 1121 3870 lnte·

101 3893 411 3970 rim‘Teutomatus,
446 3893 648 3957 Olloviconis
682 3893 777 3971 filius,
809 3915 868 3957 rex
895 3892 1121 3977 Nitiobrigum,
