2468 4312
440 244 567 295 11111.
612 252 680 296 011.
703 231 840 297 39-43.
1081 232 1141 300 115

151 382 203 447 41.
254 379 408 447 Germani
446 384 624 469 desperata
660 386 902 471 expugnatione
940 395 1140 464 castrorum,

108 466 224 552 ¹quod
257 479 393 533 nostros
421 470 492 553 jam
524 471 769 534 constitissem
792 472 1026 536 munitionibus
1050 473 1141 537 vide-

107 553 197 625 bant,
221 574 295 617 oum
318 575 355 618 ea
378 555 512 638 praeda,
534 577 633 638 quam
643 557 676 618 iu
687 557 780 620 silvis
804 556 1036 640 deposuerant,
1049 568 1139 622 trans

106 638 261 703 Rhenum
283 660 361 703 sese
383 649 587 724 receperunt.
637 641 687 704 Ac
714 650 825 705 tantus
854 640 917 705 fuit
943 644 1038 705 etiam
1061 652 1141 726 post

107 723 294 788 discessum
316 724 462 789 hostium
485 734 600 802 terror,
623 734 659 788 11
682 748 720 789 11
743 736 849 800 nocte,
872 747 973 810 quum
989 727 1023 791 C.
1036 728 1140 791 Volu-

106 830 210 872 senus
233 811 356 874 missus
378 832 454 874 cum
475 811 623 894 equitatu
645 810 690 873 ad
711 820 821 875 castra
843 812 997 886 venisset,
1021 811 1140 875 ²fidem

105 915 174 957 non
196 893 328 971 faceret,
350 895 471 959 adesse
494 917 567 958 curn
589 895 744 959 incolumi
777 896 950 960 Caesarem
984 899 1138 961 exercitu

104 977 163 1042 Sic
186 981 318 1043 omuino
341 983 467 1044 animos
492 983 588 1044 timor
610 992 920 1065 praeoccupaverat,
954 982 1012 1045 ³ut
1033 1003 1139 1066 paene

104 1064 248 1127 alienata
270 1073 377 1129 mente
400 1066 518 1130 deletis
542 1067 693 1130 omuibus
717 1067 821 1150 copiis
845 1069 1026 1149 equitatum
1048 1089 1085 1130 se
1097 1089 1139 1130 ex

104 1147 186 1234 fuga
206 1150 374 1234 recepisse
396 1150 545 1215 dicerent
565 1172 673 1234 neque
694 1151 849 1215 incolumi
878 1152 1024 1214 exercitu
1058 1151 1139 1215 Ger·

104 1256 223 1298 manos
246 1247 355 1298 castra
377 1245 628 1320 oppugnaturos
640 1235 745 1300 fuisse
755 1235 1001 1300 contenderent.
1032 1235 1138 1315 Quem

105 1320 258 1384 timorem
280 1319 430 1384 Caesaris
453 1322 616 1385 adventus
640 1323 784 1384 sustulit

146 1405 199 1469 42.
245 1405 433 1469 ι1111101111
445 1406 508 1480 ille,
532 1416 670 1469 eventus
683 1406 761 1471 belli
773 1428 840 1469 nou
850 1407 1016 1492 ignorans,
1027 1428 1137 1482 unum,

104 1490 198 1573 quod
220 1490 378 1555 cohortes
401 1512 443 1554 ex
471 1492 613 1554 statione
636 1499 669 1554 et
691 1491 858 1575 praesidio
894 1501 1009 1556 esseut
1042 1494 1137 1555 emis·

104 1596 171 1651 sae,
194 1585 335 1659 questus
359 1614 397 1625 —
422 1576 483 1639 ²ne
506 1577 636 1640 minimo
659 1575 792 1658 quidem
815 1598 895 1640 casu
918 1577 1027 1640 locum
1039 1577 1135 1640 relin-

103 1661 160 1743 qui
183 1660 341 1726 debuisse
366 1698 401 1709 -
426 1661 565 1724 multum
586 1661 751 1725 fortunam
762 1663 794 1724 in
805 1663 976 1746 repentino
989 1661 1134 1725 hostium

103 1744 250 1810 adventu
272 1747 424 1831 potuisse
440 1745 610 1830 judicavit,
632 1747 737 1810 multo
760 1747 1016 1830 etiamamplius,
1040 1746 1133 1830 quod

101 1852 208 1916 paene
240 1833 282 1896 ab
315 1832 390 1916 ipso
422 1831 512 1903 vallo
545 1832 718 1916 portisque
751 1841 934 1895 castrorum
971 1832 1131 1896 barbaros

102 1916 287 1980 avertisset.
332 1915 498 1995 ³Quarum
522 1917 664 1979 omnium
686 1938 794 1979 rerum
817 1918 956 1981 maxime
971 1916 1131 1980 admiran-

102 2000 182 2065 dum
204 2000 388 2076 videbatur,
411 2001 503 2085 quod
527 2000 689 2077 Germani,
723 2003 780 2083 qui
813 2024 853 2066 10
882 2003 1021 2065 consilio
1044 2002 1133 2065 Rhe·

101 2108 180 2150 num
203 2087 410 2162 transierant,
431 2093 471 2149 ut
492 2086 691 2172 Ambiorigis
724 2085 806 2150 fines
841 2086 1134 2171 depopularentur,

102 2170 147 2235 ad
169 2183 280 2234 eastra
300 2171 535 2235 Romanorum·
548 2171 649 2235 delati
678 2172 921 2256 optatissimum
953 2171 1135 2256 Ambiorigi

102 2256 295 2320 beneficium
317 2256 515 2319 obtulerunt

143 2342 199 2405 43.
241 2340 364 2405 Caesar
385 2362 501 2404 rursus
531 2340 576 2404 ad
608 2339 780 2404 vexandos
813 2340 930 2404 hostes
963 2339 1134 2424 profectus

100 2446 221 2511 magno
244 2435 361 2489 001010
385 2447 521 2489 numero
544 2448 587 2489 ex
608 2426 751 2489 finitimis
774 2426 962 2490 civitatibus
974 2426 1008 2488 in
1019 2446 1133 2488 omnes

100 2521 215 2635 partes
250 2511 391 2574 dimittit.
446 2509 570 2573 Omnes
603 2512 667 2575 vici
699 2520 799 2594 atque
832 2512 940 2573 omnia
977 2509 1134 2585 aedilicia,

121 2616 206 2678 quae
228 2598 371 2680 quisque
393 2605 622 2679 conspexerat,
644 2595 916 2671 incendebantur3
945 2595 1070 2679 praeda
1092 2617 1134 2659 ex

88 2681 254 2744 omnibus
278 2680 361 2744 locis
384 2683 557 2766 agebatur3
592 2680 776 2744 ³frumenta
807 2702 874 2743 non
907 2681 1017 2743 solum
1043 2688 1135 2744 tanta

100 2765 310 2829 multitudine
327 2765 552 2850 jumentorum
573 2777 674 2850 atquo
695 2765 862 2829 hominum
896 2766 1135 2829 consumeban-

100 2860 165 2925 tur,
187 2849 249 2914 sed
272 2851 370 2914 etiam
391 2851 467 2915 anni
489 2860 637 2934 tempore
653 2858 753 2935 atquc
766 2852 925 2914 imbribus
948 2852 1133 2935 procubue-

99 2943 184 3010 rant,
216 2944 263 3008 ut,
293 2936 321 2998 si
351 2936 408 3020 qui
435 2937 531 2999 etiam
564 2936 598 2998 in
630 2937 817 3019 praesentia
839 2957 876 3000 se
900 2936 1133 3009 occultassent,

87 3028 210 3085 111101
231 3019 284 3082 his
308 3019 454 3084 deducto
476 3021 623 3084 exercitu
644 3042 753 3083 rerum
776 3021 1043 3105 omniuminopia
1059 3039 1134 3103 per·

101 3103 247 3169 cundum
279 3104 455 3169 videretur.
506 3105 556 3169 Ac
578 3126 680 3188 saepe
700 3107 734 3170 in
755 3126 830 3169 eum
858 3105 968 3169 locum
1001 3114 1134 3167 ventum

101 3198 154 3253 est
176 3197 269 3253 tanto
291 3190 325 3252 in
347 3211 461 3253 omnes
488 3199 600 3274 partes
635 3191 745 3254 diviso
777 3190 933 3275 equitatu,
966 3198 1004 3252 ut
1031 3188 1133 3251 modo

99 3274 209 3337 visum
231 3275 272 3338 ab
296 3296 335 3338 se
356 3275 578 3360 Ambiorigem
600 3275 633 3337 iu
658 3274 738 3359 fuga
764 3275 1052 3358 circumspicerent
1080 3294 1133 3336 01-

99 3358 183 3444 ptivi
205 3380 267 3423 nee
288 3359 387 3443 plane
409 3361 505 3422 etiarn
527 3359 639 3423 abisse
665 3381 707 3423 ex
739 3369 922 3443 conspectu
954 3357 1133 3421 contende-

87 3450 182 3519 -rent,
203 3445 262 3508 *ut
284 3465 346 3528 spe
368 3442 595 3526 consequendi
616 3444 709 3508 illata
730 3453 830 3526 atque
857 3443 983 3506 infinito
1018 3443 1134 3505 labore

100 3537 269 3612 suscepto,
294 3529 351 3612 qui
373 3550 410 3592 se
432 3549 592 3593 summam
614 3530 657 3593 ab
680 3529 822 3593 Caesare
833 3529 970 3612 gratiam
991 3528 1132 3589 inituros

98 3622 263 3699 putarent,
286 3613 410 3697 ⁵paene
432 3624 582 3677 naturam
604 3614 716 3677 studio
737 3614 913 3686 vincerent,
936 3632 1133 3695 semperque

98 3698 236 3784 paulum
257 3697 302 3761 ad
323 3719 482 3761 summam
503 3697 692 3762 felicitatem
706 3695 1041 3771 defuissevideretur,
1064 3695 1133 3759 ‘at-

99 3805 165 3868 que
187 3783 243 3846 ille
266 3783 402 3847 latebris
425 3796 482 3847 111
504 3783 644 3848 saltibus
666 3804 705 3846 se
726 3783 867 3866 eriperet
892 3790 926 3844 et
952 3789 1054 3844 noctu
1076 3803 1133 3867 oc-

99 3869 246 3934 01111111
269 3868 351 3930 alias
373 3869 527 3954 regiones
549 3879 729 3952 partesque
757 3875 886 3953 peteret
912 3886 979 3929 101
1008 3865 1133 3961 majorp
