2468 4312
460 249 521 291 urs.
543 249 574 291 v.
620 248 689 292 car.
712 226 848 291 43-47.
1097 229 1136 294 91

63 434 67 439 .
104 380 319 464 oppugnatio,
354 379 406 442 ¹et
428 381 567 443 maxime
600 379 692 463 quod
726 401 843 465 magna
876 388 968 463 parte
1002 382 1139 446 militum

104 462 256 528 confecta
279 465 469 528 vulneribus
492 487 546 529 res
559 464 602 527 ad
617 464 813 548 paucitatem
839 464 1048 528 defensorum
1065 488 1139 550 per·

102 561 247 621 venerat,
271 558 363 613 tanto
387 551 570 613 crebriores
594 550 722 613 litterae
744 551 920 632 nunciique
942 549 986 612 ad
1020 550 1138 615 Caesa·

103 655 172 697 rem
195 636 424 708 mittebantur3
448 657 588 718 quorum
612 655 689 718 pars
713 635 977 718 deprehensam
1000 656 1139 720 conspe·

103 727 160 782 ctu
183 728 374 783 nostrorum
397 720 534 783 militum
558 741 631 782 cum
655 722 802 783 cruciatu
824 720 1012 782 necabatur.
1057 721 1139 786 Erat

103 825 190 867 unus
213 805 301 868 intus
325 805 467 870 Nervius
490 805 621 868 nomine
643 803 788 880 Vertite,
812 805 887 867 loco
910 814 1007 867 natus
1035 805 1138 869 hone·

103 897 168 963 sto,
191 889 269 973 ²qui
292 891 437 974 aprima
460 889 634 953 obsidione
657 888 700 953 ad
727 889 916 952 Ciceronem
949 889 1139 974 perfugerat

103 994 265 1058 suamque
287 976 316 1037 ei
339 974 437 1038 fidem
459 975 677 1059 praestiterat.
721 974 786 1037 Hic
814 996 912 1036 servo
947 996 1007 1059 spe
1041 970 1137 1040 liber·

103 1060 181 1122 tatis
204 1062 397 1145 magnisque
408 1060 589 1144 persuadet
612 1060 773 1142 praemiis,
796 1067 834 1122 ut
856 1060 981 1122 litteras
998 1061 1041 1123 ad
1058 1061 1137 1125 Cae·

104 1166 213 1207 sarem
236 1144 371 1209 deferat.
416 1146 507 1208 ³Has
530 1145 586 1207 ille
608 1146 640 1206 in
658 1145 772 1228 jaculo
806 1145 949 1229 illigatas
984 1146 1077 1208 effert
1104 1156 1138 1210 et

105 1228 222 1292 Gallus
244 1231 329 1294 inter
353 1229 469 1294 Gallos
503 1230 573 1292 siue
605 1230 674 1292 ulla
707 1229 895 1312 suspicione
917 1239 1070 1293 versatus
1093 1228 1138 1295 ad

104 1313 280 1378 Caesarem
302 1316 460 1399 pervenit.
505 1315 621 1378 Abeo
645 1313 863 1398 depericulis
891 1313 1057 1379 Ciceronis
1092 1315 1137 1379 le·

103 1400 278 1484 giouisque
302 1400 522 1485 cognoscitur.

147 1484 199 1547 46.
244 1484 387 1549 ¹Caesar
410 1483 554 1568 acceptis
577 1484 696 1547 litteris
718 1483 803 1546 hora
825 1484 953 1547 circiter
964 1485 1137 1549 undecima

104 1568 169 1632 diei
193 1571 304 1633 statim
326 1571 480 1633 nuncium
492 1570 524 1632 in
536 1569 735 1632 Bellovacos
752 1569 795 1631 ad
812 1569 854 1631 M.
868 1569 1024 1632 Crassum
1037 1591 1136 1654 quac·

104 1663 229 1718 storem
250 1655 357 1731 mittit,
381 1656 476 1740 cujus
499 1654 638 1718 hiberna
649 1656 786 1717 aberant
808 1656 848 1717 ab
869 1676 912 1718 ‘eo
936 1655 1045 1717 ²milia
1060 1677 1136 1739 pas·

104 1761 201 1803 suum
222 1763 300 1804 xxv.
346 1741 447 1806 lubet
468 1739 576 1803 media
598 1751 695 1802 nocte
717 1739 877 1824 legionem
895 1740 1060 1823 proficisci
1084 1761 1136 1803 ce·

102 1825 281 1909 leriterque
314 1825 358 1889 ad
386 1849 423 1890 se
451 1826 570 1888 venire.
621 1824 720 1887 ³Exit
743 1846 814 1886 cum
838 1825 957 1887 nuncio
981 1824 1132 1888 Crassus.

103 1911 253 1974 Alterum
276 1911 319 1974 ad
342 1911 375 1975 C.
398 1912 534 1975 Fabium
557 1910 699 1994 legatum
726 1910 832 1982 mittit
865 1923 902 1971 ut
935 1910 968 1972 in
996 1910 1135 1974 Atreba-

102 1997 183 2058 tium
206 1995 289 2060 fines
312 1997 473 2078 legionem
497 1994 656 2069 adducat,
690 2014 754 2077 qua
778 1995 839 2057 sibi
862 1995 924 2057 iter
949 1994 1136 2059 faciendum

103 2081 238 2144 sciebat.
282 2083 404 2145 Scribit
425 2080 579 2153 Labieno,
616 2080 666 2142 ‘si
698 2080 744 2142 rei
779 2080 931 2163 publicae
960 2080 1135 2144 commodo

101 2165 211 2229 facere
233 2176 359 2250 posset,
383 2188 456 2229 cum
479 2165 608 2249 legione
631 2164 674 2227 ad
697 2165 778 2226 fines
802 2166 999 2230 Nerviorum
1010 2166 1135 2240 veniat3

101 2251 262 2334 reliquam
285 2260 410 2335 partem
435 2251 609 2323 exercitus,
633 2248 724 2333 quod
746 2250 847 2332 paulo
863 2251 977 2312 aberat
989 2251 1135 2334 longius,

101 2356 169 2399 nou
191 2344 288 2419 putat
311 2335 585 2420 exspectandam
614 2335 741 2416 equites
765 2335 893 2396 circiter
915 2334 1134 2420 quadringen-

103 2430 157 2485 tos
182 2443 223 2483 ex
269 2422 404 2483 roximis
428 2421 572 2483 hibernis
597 2420 729 2503 colligit.

146 2506 197 2569 47.
276 2527 335 2568 ora
346 2507 475 2569 circiter
487 2506 582 2567 tertia
604 2506 645 2567 ab
669 2504 957 2566 lantecursoribus
970 2502 1012 2566 de
1025 2501 1136 2566 Crassi

102 2590 249 2654 adventu
273 2592 394 2654 certior
426 2590 535 2653 factus
560 2611 599 2652 eo
623 2589 676 2652 die
698 2589 785 2651 milia
808 2609 967 2670 passuum
990 2610 1036 2650 xx
1059 2609 1136 2670 pro·

102 2675 200 2739 cedit.
246 2674 402 2738 Crassum
426 2675 676 2739 Samarobrivae
698 2672 847 2756 praeficit
869 2672 1095 2756 legionemque
1108 2671 1137 2735 ei

102 2761 261 2831 attribuit,
284 2761 377 2844 quod
399 2761 444 2824 ibi
466 2759 698 2842 impedimenta
710 2759 883 2826 exereitus,
907 2757 1043 2820 obsides
1060 2757 1137 2819 civi·

101 2854 216 2919 tatum,
238 2844 386 2908 ²litteras
409 2845 561 2943 publicas
583 2843 846 2925 frumentumque
862 2863 966 2917 omne,
990 2842 1082 2926 quod
1097 2862 1137 2904 eo

102 2930 296 2993 tolerandae
325 2931 442 2993 hiemis
472 2950 572 2992 causa
601 2928 787 3002 devexerat,
816 2929 1031 3011 relinquebat.
1076 2926 1136 2989 Fa-

102 3016 188 3089 bius,
211 3023 249 3077 ut
270 3016 465 3099 imperatum
488 3021 567 3085 erat,
599 3035 667 3076 non
698 3015 744 3075 ita
773 3013 909 3076 multrun
933 3021 1079 3074 moratus
1103 3011 1136 3074 in

102 3101 219 3162 itinere
241 3120 314 3162 cum
340 3101 468 3184 legione
492 3099 643 3161 occurrit.
688 3098 853 3161 Labienus
876 3098 1007 3161 interitu
1023 3095 1136 3160 Sabini

104 3194 138 3247 et
161 3184 262 3247 caede
285 3185 472 3247 cohortium
495 3183 635 3267 cognita,
658 3203 757 3265 quum
781 3204 894 3247 omnes
907 3182 949 3245 ad
967 3203 1039 3244 eum
1055 3180 1137 3243 Tre·

104 3269 250 3331 virorum
274 3270 389 3352 copiae
413 3269 589 3340 venisseut,
612 3269 752 3341 verit-us,
781 3291 831 3341 ne,
855 3268 902 3329 ³si
927 3288 967 3328 ex
989 3265 1135 3328 bibernis

103 3352 201 3438 fugae
224 3355 362 3416 similem
385 3352 620 3436 profectionem
643 3352 785 3426 lecisset,
814 3353 959 3416 hostium
980 3351 1137 3431 impetum

105 3439 268 3501 sustinere
290 3460 358 3501 non
380 3447 506 3522 posset,
553 3439 721 3500 raesertim
745 3458 829 3519 quos
853 3435 976 3498 recenti
998 3435 1137 3496 victoria

105 3523 210 3586 efferri
234 3525 342 3596 sciret,
365 3523 492 3585 litteras
531 3521 804 3595 laesariremittit,
827 3529 950 3603 quanto
964 3539 1037 3581 cum
1053 3518 1137 3602 peri-

104 3608 181 3671 culo
204 3608 366 3693 legionem
380 3630 421 3670 ex
432 3607 578 3670 hibernis
605 3607 783 3670 educturus
801 3612 903 3677 csset3
925 3625 994 3666 rem
1009 3609 1136 3687 gestam

103 3693 138 3755 in
149 3692 362 3755 Eburonibus
376 3692 564 3776 perscribit3
588 3691 695 3763 docet,
719 3710 831 3752 omnes
855 3689 1020 3772 equitatus
1045 3687 1136 3771 pedi-

105 3785 262 3859 tatusque
285 3778 400 3861 copias
423 3776 638 3839 Trevirorum
660 3776 722 3838 tria
743 3774 830 3837 milia
852 3794 1011 3859 passuum
1039 3773 1137 3860 longe

104 3863 147 3927 ab
170 3862 240 3925 suis
264 3863 382 3927 castris
406 3861 608 3925 consedisse.
