2468 4312
409 261 470 303 rm.
492 261 525 302 11.
571 259 639 303 cnr.
665 239 798 304 13-17.
1074 241 1115 306 35

83 391 165 455 fines
187 391 302 457 Nervii
325 393 542 478 attingebant3
566 415 708 477 quorum
731 392 773 456 de
795 392 932 457 ²natura
953 394 1116 458 moribus-

84 498 148 561 que
171 475 294 541 Caesar
317 498 418 560 quum
452 486 638 561 quaereret,
672 480 721 541 sic
753 478 952 561 reperiebat:
986 481 1117 544 Mallum

83 563 202 628 adium
223 586 285 626 csse
306 564 351 627 od
371 584 420 626 eos
441 565 675 627 mercatoribus:
708 563 788 626 nihil
802 564 875 647 poti
895 565 961 626 riui
981 565 1116 652 reliquo-

82 671 211 734 rumque
232 671 336 711 remam
357 648 475 734 inferri,
499 649 601 734 3φιοά
621 649 661 711 iis
681 649 771 711 rebar
798 648 1025 732 relanguescere
1047 653 1116 713 arri·

82 756 148 796 mos
170 754 275 795 eornm
296 744 324 797 ct
343 735 455 796 remitti
475 735 615 796 uirtutem
637 735 859 815 existimarem,-
894 757 955 796 esse
982 734 1118 799 homines

75 820 165 906 feros
184 841 376 904 ruqqaaeqne
395 820 532 900 virulos,-
553 820 739 901 increpitare
761 829 850 903 atque
875 820 1016 883 incusare
1044 820 1117 884 reli-

84 925 159 989 piros
180 903 303 985 Belgas,
326 905 380 989 qui
400 926 432 965 se
447 903 567 986 populo
589 905 733 966 Romano
755 902 937 966 dedidissent
958 908 1116 989 patriaru-

84 1012 142 1074 qae
162 991 302 1051 virtulem
318 989 532 1072 projecissent:
565 990 755 1077 corsicanam,
788 1011 850 1051 sese
882 1011 976 1075 neque
1004 990 1117 1075 legatos

83 1075 229 1136 missuros
250 1096 346 1158 neque
366 1073 463 1135 ollam
483 1073 686 1136 conditionem
703 1075 796 1156 pacis
818 1084 1001 1157 accepturos.

131 1157 178 1221 16.
224 1156 334 1236 Quum
355 1179 416 1242 per
439 1178 552 1220 eorum
574 1157 656 1220 fines
687 1156 849 1220 ¹triduum
877 1159 939 1221 iter
966 1157 1116 1234 fecisset,

83 1242 271 1306 inveniebat
294 1264 336 1305 ex
358 1242 506 1325 captivis,
541 1241 653 1305 Sabim
686 1240 806 1305 flumen
839 1242 880 1305 ab
904 1245 1021 1306 castris
1046 1245 1115 1306 suis

83 1348 151 1390 non
174 1328 315 1410 amplius
349 1327 437 1389 milia
468 1347 630 1409 passuum
663 1326 777 1390 decem
799 1328 932 1402 abesse3
965 1335 1057 1391 trans
1080 1327 1117 1390 id

52 1424 56 1429 ’
84 1410 205 1474 flumen
238 1432 352 1474 omnes
386 1412 527 1476 Nervios
562 1411 757 1474 consedisse
791 1411 1034 1495 adventumque
1070 1412 1117 1477 ibi

84 1495 307 1559 Romanorum
330 1503 524 1580 exspectare
546 1517 701 1559 unacum
718 1497 931 1559 Atrebatibus
955 1506 988 1560 et
1009 1497 1116 1560 Vero·

84 1581 245 1656 manduis,
268 1581 411 1644 finitimis
435 1581 505 1644 suis
529 1582 615 1664 (nam
636 1580 689 1643 his
712 1581 862 1663 utrisque
873 1591 1116 1664 persuaserant,

84 1666 133 1729 uti
166 1665 304 1730 eandem
335 1666 415 1730 belli
446 1665 610 1729 fortunam
644 1665 895 1748 experirentur);
930 1666 1117 1749 exspectari

85 1751 182 1815 etiam
205 1752 247 1815 ab
269 1751 322 1814 his
344 1751 594 1815 Aduatucorum
617 1751 731 1832 copias
750 1756 849 1832 atque
872 1771 947 1813 esse
968 1751 1002 1812 in
1024 1751 1117 1814 itine-

84 1857 135 1910 re3
158 1836 330 1900 ²mulieres
360 1837 482 1920 quique
509 1856 570 1918 per
592 1841 730 1898 aetatem
753 1834 797 1897 ad
819 1855 962 1919 pugnam
984 1835 1116 1898 inutiles

85 1920 275 1984 viderentur
296 1921 330 1983 in
352 1942 426 1984 eum
448 1920 558 1982 locum
581 1919 778 2003 conjecisse,
807 1940 873 2002 quo
899 1928 1037 2004 propter
1059 1941 1116 2004 pa·

85 2005 182 2069 ludes
207 2006 362 2069 exercitui
385 2003 494 2067 aditus
517 2026 583 2066 non
608 2013 706 2067 esset.

133 2091 180 2154 17.
223 2091 286 2152 His
309 2091 408 2153 rebus
432 2090 572 2173 cognitis
596 2090 825 2172 exploratores
842 2090 1116 2173 centurionesque

86 2175 272 2258 praemittit,
296 2174 371 2257 ¹qui
384 2174 492 2236 locum
503 2172 656 2236 idoneum
675 2175 791 2236 castris
816 2171 968 2258 deligant.
993 2173 1116 2253 ‘²Quum

87 2280 129 2323 ex
152 2258 314 2322 dediticiis
337 2259 449 2342 Belgis
473 2258 674 2340 reliquisque
698 2257 802 2322 Gallis
826 2259 1012 2341 complures
1037 2259 1116 2322 an-

87 2365 194 2407 sarem
217 2344 321 2407 secuti
343 2364 408 2406 una
429 2344 491 2405 iter
513 2342 667 2417 facerent,
691 2342 823 2426 quidam
836 2365 878 2404 ex
887 2343 949 2417 his,
964 2350 1002 2406 ut
1024 2353 1117 2427 post·

88 2449 127 2492 ea
150 2450 190 2491 ex
214 2429 352 2512 captivis
376 2429 542 2512 cognitum
566 2435 625 2502 est,
659 2428 792 2491 ³e0rum
827 2427 952 2490 dierum
978 2449 1116 2492 consue·

87 2513 202 2577 tudine
223 2513 347 2576 itineris
371 2512 477 2576 nostri
501 2513 664 2575 exercitus
680 2519 856 2595 perspecta
869 2520 967 2575 nocte
979 2512 1023 2576 ad
1033 2515 1116 2578 Ner-

87 2599 160 2662 vios
183 2604 404 2682 pervenerunt
440 2605 539 2681 atque
572 2596 624 2659 his
649 2596 922 2671 demonstrarunt,
944 2599 1029 2661 inter
1052 2599 1117 2661 sin·

86 2682 182 2768 gulas
206 2683 352 2767 legiones
374 2682 680 2766 impedimentorum
702 2701 854 2765 magnum
879 2703 1048 2745 numerum
1069 2684 1117 2746 in-

87 2766 271 2843 tercedere,
293 2787 400 2851 neque
423 2789 498 2830 esse
521 2767 696 2851 quicquam
717 2766 854 2850 negotii,
892 2787 992 2849 quum
1013 2766 1118 2851 prima

86 2853 174 2938 legio
195 2852 231 2915 in
253 2859 362 2915 castra
382 2852 529 2915 venisset
550 2851 762 2934 reliquaeque
783 2850 931 2935 legiones
964 2873 1118 2936 magnum

89 2937 231 3021 spatium
254 2938 418 3012 abessent,
440 2936 525 3000 hanc
548 2937 610 3000 sub
634 2935 770 2998 sarcinis
783 2934 919 2997 adoriri:
944 2955 1009 3018 qua
1019 2936 1119 3019 pulsa

88 3021 394 3106 impedimentisque
418 3021 555 3104 direptis
577 3019 737 3095 futurum,
769 3029 808 3082 ut
834 3020 980 3104 reliquae
1003 3030 1118 3084 contra

89 3109 271 3171 consistere
304 3128 372 3170 uon
404 3105 570 3169 auderent.
625 3104 838 3189 ⁴Adjuvabat
871 3105 966 3168 etiam
1004 3127 1118 3169 eorum

89 3191 270 3265 consilium,
294 3191 440 3275 quirem
463 3189 662 3264 deferebant,
686 3189 777 3272 quod
799 3189 912 3255 Nervii
928 3190 1117 3275 antiquitus,

89 3297 189 3359 quum
213 3278 360 3359 equitatu
381 3275 462 3338 nihil
483 3281 625 3358 possent
647 3275 766 3358 (neque
789 3274 873 3336 enim
896 3273 939 3336 ad
961 3273 1118 3337 boetem·

87 3381 153 3444 pus
176 3361 206 3423 ei
227 3361 275 3423 rei
297 3360 441 3435 student,
464 3359 534 3433 sed,
558 3358 715 3442 quicquid
732 3366 883 3442 possunt,
906 3357 1117 3442 pedestribus

88 3444 200 3508 valent
221 3445 353 3528 copiis),
377 3465 444 3527 quo
466 3443 594 3508 facilius
623 3443 833 3505 finitimorum
861 3443 1054 3524 equitatum,
1089 3444 1118 3506 si

88 3528 270 3613 praedandi
293 3549 394 3592 causa
415 3528 459 3591 ad
481 3528 727 3602 eosvenissent,
749 3525 953 3610 impedirent,
977 3527 1118 3591 ⁵teneris

88 3614 262 3677 arboribus
285 3614 397 3678 incisis
420 3621 519 3696 atque
541 3612 670 3676 inflexis
700 3611 823 3674 crebris
852 3611 886 3672 in
913 3610 1118 3676 latitudinem

88 3697 186 3761 ramis
210 3700 313 3761 enatis
338 3708 371 3762 et
391 3699 482 3761 rubis
506 3699 722 3780 sentibusque
743 3695 922 3780 interjectis
935 3695 1118 3773 effecerant,

88 3790 126 3845 ut
146 3783 251 3845 instar
272 3783 356 3846 muri
377 3782 440 3846 hae
462 3804 561 3866 sepes
584 3783 782 3844 munimenta
809 3780 1012 3864 praeberent,
1050 3803 1118 3865 quo

88 3865 177 3931 ⁰non
197 3866 299 3931 modo
321 3888 389 3931 non
409 3867 532 3943 intrari,
555 3866 617 3931 sed
639 3886 681 3928 ne
702 3865 848 3949 perspici
880 3865 1012 3948 quidem
1038 3888 1118 3951 pos-
