2468 4312
118 209 161 276 74
469 230 512 272 oa
533 228 636 271 nacco
659 227 796 271 amurca

163 364 192 431 6.
237 362 338 427 ¹Erat
359 383 425 426 una
446 382 519 426 oum
546 362 664 427 ceteris
691 357 875 426 Dumnorix
903 357 1071 435 Haeduus,
1101 358 1143 425 de

120 472 188 535 quo
210 466 286 514 ante
307 471 328 513 a
349 449 445 513 nobis
468 446 591 512 dietum
614 457 674 511 est.
717 447 814 511 Hunc
836 467 948 509 secum
969 445 1092 511 habere
1110 446 1144 511 in

118 536 231 623 primis
254 534 479 607 constituerat,
512 533 604 617 quod
638 554 711 596 eum
734 531 889 617 cupidum
910 553 1019 596 rerum
1041 554 1144 597 nova·

118 644 199 695 rum,
222 619 378 706 cupidum
398 619 533 704 imperii,
555 619 663 704 magni
684 619 789 692 animi,
811 638 947 703 magnae
968 619 1053 683 inter
1065 618 1144 683 Gal·

117 707 172 773 los
194 705 398 771 auctoritatis
420 713 632 791 cognoverat.
673 704 864 770 Accedebat
887 703 961 779 buc,
990 704 1082 789 quod
1110 705 1144 770 in

118 793 258 858 concilio
281 790 494 856 Haeduorum
516 789 699 855 Dumnorix
716 790 853 864 dixerat,
875 788 958 854 ²sibi
981 811 1002 855 a
1023 789 1145 856 Caesa·

117 900 154 979 re
176 900 312 964 rognum
334 876 474 1003 civitptis
499 876 635 951 deferri3
658 875 751 976 quqd
771 875 895 939 dictum
917 875 1048 977 Hacdpi
1069 899 1144 964 gra·

117 959 1144 1136 tlitff‘sslttttttltlttltttlfataldus

118 1138 190 1201 suis
212 1135 401 1220 hospitibus
424 1133 546 1198 Caesar
566 1141 776 1220 cognoverat
820 1131 879 1196 Ille
902 1134 1054 1199 omnibus
1077 1136 1144 1220 pri-

117 1243 173 1286 mo
195 1222 349 1306 precibus
372 1227 484 1304 petere
506 1218 684 1295 contendit,
706 1220 763 1283 ⁴ut
783 1218 816 1282 in
839 1217 947 1282 Gallia
979 1220 1142 1304 relinque·

117 1315 217 1382 retur,
250 1307 368 1392 partim
390 1304 483 1389 quod
513 1306 663 1370 insuetus
684 1303 859 1389 navigandi
892 1326 980 1369 mare
1006 1307 1143 1381 timeret,

117 1394 237 1479 partim
259 1392 351 1476 quod
373 1391 585 1476 religionibus
599 1390 749 1475 impediri
760 1411 834 1454 sese
850 1388 982 1456 diceret
1004 1393 1143 1457 Postea·

118 1500 217 1563 quam
237 1478 273 1543 id
296 1478 461 1542 obstinate
483 1477 546 1542 sibi
567 1500 590 1541 n
651 1476 795 1550 rividit,
828 1477 915 1540 omni
948 1499 1009 1563 spe
1041 1479 1142 1564 impe·

117 1564 227 1631 trandi
249 1563 402 1649 adempta
423 1563 588 1648 principes
662 1562 738 1626 lliae
765 1561 951 1638 sollicitare,
984 1585 1142 1629 sevocare

118 1650 268 1736 singulos
290 1649 481 1734 hortarique
503 1649 622 1734 eoepit,
653 1648 704 1711 nti
728 1649 762 1711 in
787 1647 965 1712 continenti
996 1672 1142 1714 remane·

116 1746 206 1811 rent3
238 1744 325 1800 metu
358 1736 522 1799 territare:
554 1756 617 1798 noo
636 1736 703 1797 sios
734 1755 829 1798 cauea
848 1735 932 1822 ficti,
965 1747 1000 1799 at
1033 1737 1143 1800 Gallia

117 1824 203 1887 maai
223 1822 378 1886 aobdilate
398 1821 598 1906 apoliorctw:
618 1819 654 1883 id
673 1843 734 1883 esse
754 1822 913 1884 consiliatio
936 1822 1085 1903 Caesaris,
1100 1834 1141 1898 at,

117 1930 192 2010 qnos
213 1910 248 1971 ia
267 1918 426 1992 conspectu
448 1906 573 1970 Galliae
593 1906 760 1995 inteficere
778 1917 938 1979 emmer,
965 1907 1019 1970 bos
1039 1930 1143 1972 omues

116 2017 151 2057 eu
172 1993 374 2057 Britanniam
398 1992 553 2056 tradentes
572 2003 710 2074 necare&
740 1990 858 2056 ⁶ddem
885 1992 1021 2076 reliquis
1043 1994 1142 2058 inter·

142 2100 251 2147 onere,
268 2077 501 2163 jusjurandum
523 2098 671 2162 poscere,
694 2075 758 2153 'ut
780 2077 873 2161 quod
895 2099 970 2142 csse
1004 2100 1046 2142 cx
1077 2101 1142 2145 usu

150 2164 245 2229 alliae
266 2164 515 2237 intellexissent,
537 2163 699 2227 communi
716 2163 1141 2229 consilioadministrarent.

116 2249 209 2315 Haec
231 2272 251 2314 a
272 2249 496 2335 compluribus
519 2249 562 2313 ad
584 2248 756 2312 Caesarem
779 2248 1017 2314 deferebantur.

161 2337 189 2400 7.
234 2334 309 2415 Qua
330 2357 365 2398 re
386 2336 518 2418 cognita
551 2334 680 2407 Caesar,
714 2335 825 2418 ¹quod
858 2344 985 2399 tantum
1018 2336 1141 2400 civitati

116 2420 276 2485 Haeduae
298 2420 464 2506 dignitatis
494 2421 666 2492 tribuebat,
699 2421 917 2485 coercendum
950 2429 1049 2506 atque
1083 2422 1141 2489 de·

116 2507 305 2571 terrendum
333 2508 593 2592 quibuscumque
626 2507 724 2570 rebus
757 2516 875 2591 posset
905 2506 1140 2594 Dumnorigem

117 2595 300 2669 statuebat3
323 2592 415 2677 quod
438 2593 567 2678 longius
590 2591 662 2676 ejus
684 2592 855 2656 amentiam
878 2593 1033 2677 progredi
1049 2593 1141 2658 vide·

116 2677 183 2751 bat,
205 2678 481 2763 prospiciendum,
509 2700 551 2743 ne
579 2677 660 2762 quid
687 2677 751 2741 sibi
777 2699 817 2742 ac
838 2678 885 2741 rei
906 2679 1059 2763 publicae
1080 2701 1140 2743 no·

118 2784 193 2827 cere
214 2772 340 2849 posset
383 2765 500 2846 Itaque
522 2763 593 2827 dies
615 2763 743 2827 circiter
753 2786 821 2827 xxv
843 2763 876 2827 iu
899 2785 939 2827 eo
963 2764 1037 2828 loco
1053 2787 1141 2828 com·

117 2859 274 2928 moratus,
297 2849 389 2934 quod
411 2849 534 2913 chorus
566 2859 684 2913 ventus
717 2849 956 2934 navigationem
983 2850 1141 2934 impedie-

116 2935 183 3008 bat,
205 2935 282 3019 ³qui
305 2956 453 3017 magnam
475 2944 601 3020 partem
623 2934 728 2999 omnis
750 2936 908 3020 temporis
930 2935 963 2999 in
985 2935 1038 2998 his
1056 2936 1140 3000 locis

117 3018 196 3084 liare
219 3021 399 3096 consuevit,
422 3021 524 3085 dabat
546 3042 688 3105 operam.
709 3021 801 3084 utin
823 3019 933 3084 officio
966 3021 1141 3085 Dumnori-

117 3127 191 3197 gem
214 3107 404 3181 contineret,
426 3106 528 3171 nihilo
549 3116 658 3171 tamen
691 3107 798 3169 secius
832 3107 940 3170 omnia
966 3107 1039 3191 ejus
1063 3128 1161 3185 con·¹

117 3192 191 3256 silia
212 3202 442 3276 cognoscerem
475 3192 607 3256 tandem
638 3189 789 3255 idoneam
821 3206 937 3256 nactus
964 3201 1140 3277 tempesta-

116 3286 183 3341 tem
207 3278 326 3341 milites
359 3279 553 3362 equitesque
585 3276 808 3341 conscendere
839 3278 872 3340 in
905 3299 1006 3341 naves
1034 3278 1141 3362 jubet.

116 3364 176 3428 &lt
198 3364 342 3427 omnium
362 3363 527 3448 impeditis
549 3363 664 3427 animis
684 3363 867 3426 Dumnorix
889 3385 963 3426 curn
975 3365 1140 3447 equitibus

118 3449 332 3514 Haeduorum
354 3471 372 3512 a
395 3449 512 3513 castris
535 3450 692 3513 insciente
715 3448 856 3512 Caesare
878 3449 1011 3513 domum
1034 3449 1141 3514 disce·

118 3534 197 3599 dore
220 3537 338 3619 coepit.
383 3534 476 3615 ⁵Qua
499 3556 534 3597 rc
555 3535 708 3598 nunciata
729 3533 1048 3599 Caesariutormissa
1064 3557 1141 3620 pro-

116 3619 258 3684 fectione
280 3632 379 3704 atque
402 3620 552 3684 omnibus
574 3620 674 3684 rebus
690 3620 888 3704 postpositis
902 3642 1051 3706 magnam
1066 3642 1141 3706 par·

116 3715 182 3769 tem
205 3706 370 3789 equitatus
392 3705 436 3769 ad
457 3728 531 3769 eum
553 3704 792 3791 insequendum
824 3705 921 3769 mittit
952 3706 1140 3790 retrahique

117 3791 269 3875 imperat;
292 3792 321 3855 si
343 3792 407 3855 vim
428 3790 655 3875 satiatusque
676 3801 798 3876 pareat,
820 3791 956 3855 interlici
973 3792 1078 3877 jubet,
1092 3792 1141 3856 ni·

116 3874 166 3942 bil
186 3875 274 3942 huuc
297 3898 335 3942 se
355 3877 493 3943 absente
514 3898 577 3963 pro
599 3897 681 3941 sano
702 3875 864 3941 facturum
885 3878 1072 3954 arbitratus,
1084 3879 1141 3964 qui
