2468 4312
434 230 495 272 mn.
517 231 548 272 v.
594 230 662 271 cnr.
685 206 822 274 48-52.
1092 209 1135 274 93

102 365 221 429 veniat.
265 363 396 428 Interim
421 362 684 447 speculatoribus
707 361 740 424 iu
763 383 876 425 omnes
899 370 1010 446 partes
1024 363 1135 426 dinus·

102 451 150 514 sis
174 450 334 534 explorat,
359 471 425 533 quo
449 447 714 511 commodissime
736 448 851 510 itinere
863 449 982 511 vallem
994 450 1134 512 transire

101 536 220 620 possit.

145 622 196 685 50.
240 619 291 683 Eo
317 618 369 681 die
392 619 539 701 parvulis
563 617 793 700 lequestribus
806 619 941 702 proeliis
957 617 999 682 ad
1016 640 1135 702 aquam

100 706 197 768 factis
223 705 352 786 utrique
383 725 456 765 sese
491 726 553 766 suo
587 704 662 765 loco
697 705 877 767 continent:
913 704 1008 778 Galli,
1043 703 1134 788 quod

100 791 278 875 ampliores
303 790 426 872 copias,
451 810 535 872 quae
551 788 696 851 nondum
710 798 939 865 convenerant,
963 799 1135 872 exspecta·

100 877 196 949 bant3
220 875 350 948 Caesar,
374 874 423 936 ²si
446 873 532 936 forte
555 874 681 936 timoris
711 875 918 937 simulatione
950 873 1066 937 hostes
1101 875 1135 938 in

101 983 199 1024 suum
221 960 329 1023 locum
355 959 471 1022 elicere
494 968 619 1042 posset,
643 967 680 1021 ut
702 960 782 1021 citra
805 960 923 1022 vallem
941 980 1003 1043 pro
1016 960 1134 1023 castris

99 1047 229 1130 proelio
254 1043 483 1118 contenderct3
507 1045 534 1106 si
557 1043 591 1106 id
615 1043 744 1107 efficere
767 1067 833 1107 non
859 1053 984 1128 posset,
1013 1053 1051 1107 ut
1080 1067 1136 1108 cx-

100 1132 241 1216 ploratis
264 1128 435 1193 itineribus
459 1131 582 1191 minore
606 1151 680 1192 cum
702 1131 849 1212 periculo
873 1130 992 1193 vallem
1014 1131 1134 1192 rivum-

101 1239 167 1301 que
190 1217 352 1280 transiret.
398 1214 508 1278 Prima
530 1215 604 1277 luce
627 1216 772 1277 hostium
790 1216 955 1297 equitatus
969 1214 1012 1277 ad
1025 1226 1136 1300 castra

100 1301 230 1366 accedit
252 1301 480 1384 proeliumque
503 1321 575 1364 cum
599 1301 722 1363 nostris
753 1301 916 1384 equitibus
954 1301 1134 1364 committit.

102 1387 225 1451 Caesar
248 1386 401 1449 consulto
430 1386 556 1469 equites
591 1385 708 1449 cedere
743 1407 845 1468 seque
866 1388 899 1447 in
923 1395 1032 1448 castra
1053 1387 1135 1448 reci·

100 1494 181 1558 perc
200 1473 311 1556 jubct;
345 1471 442 1535 simul
471 1492 512 1533 ex
536 1472 686 1534 omnibus
710 1473 860 1554 partibus
884 1479 993 1534 castra
1016 1472 1133 1533 altiore

100 1558 191 1621 vallo
215 1556 331 1618 muniri
357 1564 539 1640 portasque
574 1557 702 1619 obstrui
736 1567 834 1638 atquc
856 1557 888 1620 in
912 1556 964 1618 his
999 1555 1134 1619 admini-

102 1641 248 1706 strandis
271 1642 371 1703 rebus
396 1662 493 1723 quam
516 1643 654 1708 maxime
677 1643 867 1704 concursari
890 1651 923 1704 et
946 1663 1021 1704 cum
1036 1643 1134 1704 simu-

101 1729 224 1791 latione
247 1728 297 1812 agi
322 1727 449 1791 timoris
467 1727 572 1810 jubet.

146 1814 196 1876 51.
242 1810 371 1890 Quibus
395 1813 546 1874 omnibus
579 1813 680 1874 rebus
713 1810 829 1874 hostes
863 1811 988 1874 invitati
1019 1811 1133 1895 copias

100 1897 279 1962 traducunt
302 1897 469 1978 aciemque
503 1897 615 1979 iniquo
650 1897 725 1958 loco
755 1897 973 1972 constituunt3
1007 1899 1133 1960 nostris

101 2006 183 2046 vero
207 1984 303 2045 etiam
327 1981 369 2043 de
391 1981 480 2043 vallo
505 1981 657 2044 deductis
681 1983 819 2064 propius
844 1982 1006 2045 accedunt
1021 1992 1054 2045 et
1069 1983 1135 2045 tela

102 2070 186 2131 intra
210 2069 421 2129 munitionem
445 2088 487 2128 ex
509 2067 661 2130 omnibus
685 2068 835 2150 partibus
847 2068 1025 2152 conjiciunt
1040 2089 1135 2151 prae·

103 2154 308 2235 conibusque
332 2153 453 2214 circum
476 2153 584 2214 missis
609 2153 816 2235 pronunciari
834 2153 962 2236 jubent,
986 2154 1136 2238 lseuqcis

105 2239 132 2302 G
136 2239 215 2301 allus
236 2261 288 2300 sec
310 2239 470 2300 Romanus
491 2237 562 2300 uelit
583 2248 652 2300 ante
673 2237 913 2300 boramtertiam
925 2238 969 2300 ad
988 2262 1019 2300 se
1034 2249 1134 2300 truns-

102 2325 155 2404 ire,
179 2325 244 2385 sine
260 2324 402 2407 periculo
425 2323 531 2404 licere5
550 2333 620 2406 post
640 2323 674 2384 id
695 2333 810 2406 ternpus
835 2346 897 2385 non
910 2323 985 2409 fore
1001 2334 1134 2406 potesla-

102 2420 176 2471 tem:
208 2429 247 2470 ac
281 2410 328 2469 sic
362 2418 496 2470 nostros
520 2416 796 2491 contempserunt,
820 2408 876 2470 ²ut
898 2408 1078 2471 obstructis
1102 2408 1135 2470 in

103 2492 249 2578 speciem
272 2494 378 2575 portis
402 2492 540 2576 singulis
565 2492 736 2557 ordinibus
767 2494 936 2576 cespitum,
972 2492 1063 2576 quod
1097 2514 1136 2555 ea

101 2602 168 2641 non
191 2600 292 2661 posse
314 2580 554 2660 introrumpere
576 2578 783 2651 videbantur,
817 2578 870 2640 alii
892 2579 1015 2641 vallum
1038 2599 1135 2640 manu

103 2664 263 2737 scindere,
287 2664 342 2725 alii
364 2662 476 2724 fossas
489 2663 655 2747 complere
677 2664 865 2746 inciperent.
911 2662 996 2726 Tum
1014 2663 1136 2726 Caesar

102 2750 254 2812 omnibus
278 2748 384 2831 portis
409 2749 580 2831 eruptione
602 2748 690 2810 facta
713 2750 926 2831 equitatuque
950 2749 1070 2812 emisso
1084 2770 1135 2812 ce·

101 2834 213 2897 leriter
235 2833 352 2896 hostes
376 2834 408 2894 in
431 2832 542 2915 fugam
565 2833 631 2908 dat,
656 2834 773 2896 sicuti
801 2835 932 2896 omnino
966 2833 1135 2919 pugnandi

102 2940 203 2983 causa
235 2919 406 2980 resisteret
438 2939 543 2991 nemo
576 2939 796 3004 magnumque
830 2941 872 2982 ex
903 2920 943 2991 iis
966 2940 1136 2981 numerum

102 3003 224 3068 occidit
246 3012 346 3086 atque
370 3024 482 3064 omnes
507 3004 605 3065 armis
629 3005 727 3068 exuit.

145 3089 194 3152 52.
240 3087 409 3172 ¹Longius
433 3089 591 3170 prosequi
617 3089 750 3165 veritus,
785 3089 878 3174 quod
912 3091 1014 3153 silvae
1043 3089 1135 3173 palu·

102 3173 229 3258 desque
252 3173 500 3235 intercedebant
521 3194 629 3255 neque
653 3175 748 3237 etiam
771 3177 912 3259 parvulo
940 3175 1134 3238 detrimento

100 3259 232 3321 illorum
256 3258 365 3321 locum
389 3258 529 3339 relinqui
551 3257 694 3334 videbat,
718 3261 869 3323 omnibus
882 3261 952 3323 suis
967 3260 1135 3322 incolumi·

100 3345 164 3407 bus
188 3343 293 3427 copiis
329 3342 444 3405 eodem
479 3343 531 3405 die
554 3342 598 3406 ad
625 3343 813 3409 Ciceronem
836 3346 995 3430 pervenit.
1040 3345 1135 3407 Insti-

102 3438 191 3492 tutas
215 3438 334 3502 turres‚
357 3427 542 3490 testudines
566 3431 828 3514 munitionesque
854 3431 999 3493 hostium
1034 3428 1135 3491 admi·

100 3524 210 3588 ratur,
232 3512 382 3597 ²legione
394 3512 559 3596 producta
571 3517 752 3598 cognoscit,
768 3538 834 3579 non
850 3515 1010 3589 decimum
1024 3535 1135 3596 quem·

101 3621 166 3682 que
179 3620 253 3662 esse
265 3599 429 3681 reliquum
441 3597 575 3660 militem
600 3601 669 3674 sine
692 3601 836 3676 vulnere.
880 3599 934 3661 Ex
956 3599 1009 3661 his
1033 3599 1135 3661 omni·

99 3686 164 3749 bus
183 3683 313 3767 judicat
333 3684 444 3756 rebus
468 3690 592 3765 quanto
606 3705 678 3755 cum
701 3685 848 3769 periculo
872 3694 904 3747 et
928 3692 1048 3767 quanta
1061 3705 1135 3745 cum

68 3847 72 3853 Ι
100 3770 221 3833 virtute
256 3789 310 3830 res
345 3768 411 3830 sint
444 3766 705 3844 administratam
743 3768 932 3832 Ciceronem
966 3790 1027 3852 pro
1062 3769 1133 3853 ejus

96 3854 216 3918 merito
240 3854 468 3943 legionemque
491 3852 673 3930 collaudat3
708 3855 915 3918 centuriones
946 3854 1135 3939 singillatim
