<?xml version="1.0" encoding="UTF-8"?>
<!DOCTYPE html PUBLIC "-//W3C//DTD XHTML 1.0 Transitional//EN"
    "http://www.w3.org/TR/xhtml1/DTD/xhtml1-transitional.dtd">
<html xmlns="http://www.w3.org/1999/xhtml" xml:lang="en" lang="en">
 <head>
  <title>
</title>
<meta http-equiv="Content-Type" content="text/html;charset=utf-8" />
  <meta name='ocr-system' content='tesseract 3.04.00' />
  <meta name='ocr-capabilities' content='ocr_page ocr_carea ocr_par ocr_line ocrx_word'/>
</head>
<body>
  <div class='ocr_page' id='page_1' title='image "./cjuliicaesarisc00friggoog_0143.png"; bbox 0 0 2436 4320; ppageno 0'>
   <div class='ocr_carea' id='block_1_1' title="bbox 107 205 783 273">
    <p class='ocr_par' dir='ltr' id='par_1_1' title="bbox 107 205 783 273">
     <span class='ocr_line' id='line_1_1' title="bbox 107 205 783 273; baseline -0.001 -1"><span class='ocrx_word' id='word_1_1' title='bbox 107 205 169 273; x_wconf 83' lang='lat'>126</span> <span class='ocrx_word' id='word_1_2' title='bbox 455 230 497 271; x_wconf 84' lang='lat' dir='ltr'>or</span> <span class='ocrx_word' id='word_1_3' title='bbox 520 226 622 271; x_wconf 78' lang='lat' dir='ltr'>nauco</span> <span class='ocrx_word' id='word_1_4' title='bbox 645 227 783 271; x_wconf 79' lang='lat' dir='ltr'>cnrnrco</span> 
     </span>
    </p>
   </div>
   <div class='ocr_carea' id='block_1_2' title="bbox 95 357 1138 1124">
    <p class='ocr_par' dir='ltr' id='par_1_2' title="bbox 95 357 1138 1124">
     <span class='ocr_line' id='line_1_2' title="bbox 105 357 1137 445; baseline -0.004 -18"><span class='ocrx_word' id='word_1_5' title='bbox 105 362 233 445; x_wconf 75' lang='lat' dir='ltr'>laqueis</span> <span class='ocrx_word' id='word_1_6' title='bbox 256 359 359 424; x_wconf 86' lang='lat' dir='ltr'>falces</span> <span class='ocrx_word' id='word_1_7' title='bbox 393 362 595 436; x_wconf 75' lang='lat' dir='ltr'>avertebant,</span> <span class='ocrx_word' id='word_1_8' title='bbox 628 380 712 444; x_wconf 90' lang='lat' dir='ltr'>quas</span> <span class='ocrx_word' id='word_1_9' title='bbox 746 380 848 444; x_wconf 90' lang='lat' dir='ltr'>quum</span> <span class='ocrx_word' id='word_1_10' title='bbox 881 357 1137 435; x_wconf 83' lang='lat' dir='ltr'>destinaverant,</span> 
     </span>
     <span class='ocr_line' id='line_1_3' title="bbox 105 445 1136 529; baseline -0.002 -18"><span class='ocrx_word' id='word_1_11' title='bbox 105 447 278 511; x_wconf 86' lang='lat' dir='ltr'>tormentis</span> <span class='ocrx_word' id='word_1_12' title='bbox 298 447 464 510; x_wconf 79' lang='lat' dir='ltr'>introrsus</span> <span class='ocrx_word' id='word_1_13' title='bbox 486 446 696 522; x_wconf 80' lang='lat' dir='ltr'><strong>reducebant,</strong></span> <span class='ocrx_word' id='word_1_14' title='bbox 730 454 764 509; x_wconf 85' lang='lat' dir='ltr'>et</span> <span class='ocrx_word' id='word_1_15' title='bbox 796 465 947 529; x_wconf 84' lang='lat' dir='ltr'>aggerem</span> <span class='ocrx_word' id='word_1_16' title='bbox 976 445 1136 509; x_wconf 71' lang='lat' dir='ltr'>cuamulia</span> 
     </span>
     <span class='ocr_line' id='line_1_4' title="bbox 95 529 1138 616; baseline -0.006 -15"><span class='ocrx_word' id='word_1_17' title='bbox 95 531 346 601; x_wconf 63' lang='lat' dir='ltr'>subtrahebant</span> <span class='ocrx_word' id='word_1_18' title='bbox 367 553 408 595; x_wconf 91' lang='lat' dir='ltr'>eo</span> <span class='ocrx_word' id='word_1_19' title='bbox 430 531 596 606; x_wconf 87' lang='lat' dir='ltr'>scientius,</span> <span class='ocrx_word' id='word_1_20' title='bbox 619 530 713 615; x_wconf 88' lang='lat' dir='ltr'>quod</span> <span class='ocrx_word' id='word_1_21' title='bbox 733 529 824 614; x_wconf 91' lang='lat' dir='ltr'>apud</span> <span class='ocrx_word' id='word_1_22' title='bbox 836 551 894 593; x_wconf 88' lang='lat' dir='ltr'>eos</span> <span class='ocrx_word' id='word_1_23' title='bbox 906 550 1044 616; x_wconf 88' lang='lat' dir='ltr'>magnae</span> <span class='ocrx_word' id='word_1_24' title='bbox 1060 538 1138 595; x_wconf 87' lang='lat' dir='ltr'>suut</span> 
     </span>
     <span class='ocr_line' id='line_1_5' title="bbox 99 615 1137 703; baseline -0.002 -21"><span class='ocrx_word' id='word_1_25' title='bbox 99 616 260 682; x_wconf 83' lang='lat' dir='ltr'>-l&#39;errariae</span> <span class='ocrx_word' id='word_1_26' title='bbox 281 626 381 699; x_wconf 88' lang='lat' dir='ltr'>atque</span> <span class='ocrx_word' id='word_1_27' title='bbox 404 637 499 680; x_wconf 91' lang='lat' dir='ltr'>omne</span> <span class='ocrx_word' id='word_1_28' title='bbox 521 637 625 703; x_wconf 89' lang='lat' dir='ltr'>genus</span> <span class='ocrx_word' id='word_1_29' title='bbox 648 615 873 679; x_wconf 86' lang='lat' dir='ltr'>cuniculorum</span> <span class='ocrx_word' id='word_1_30' title='bbox 899 624 1014 679; x_wconf 89' lang='lat' dir='ltr'>notum</span> <span class='ocrx_word' id='word_1_31' title='bbox 1035 625 1137 700; x_wconf 84' lang='lat' dir='ltr'>atque</span> 
     </span>
     <span class='ocr_line' id='line_1_6' title="bbox 104 701 1137 786; baseline -0.002 -19"><span class='ocrx_word' id='word_1_32' title='bbox 104 704 261 767; x_wconf 88' lang='lat' dir='ltr'>usitatum</span> <span class='ocrx_word' id='word_1_33' title='bbox 283 711 343 765; x_wconf 87' lang='lat' dir='ltr'>est.</span> <span class='ocrx_word' id='word_1_34' title='bbox 398 701 522 765; x_wconf 87' lang='lat' dir='ltr'>Totum</span> <span class='ocrx_word' id='word_1_35' title='bbox 555 711 662 765; x_wconf 88' lang='lat' dir='ltr'>autem</span> <span class='ocrx_word' id='word_1_36' title='bbox 694 722 821 765; x_wconf 89' lang='lat' dir='ltr'>murum</span> <span class='ocrx_word' id='word_1_37' title='bbox 855 722 898 763; x_wconf 89' lang='lat' dir='ltr'>ex</span> <span class='ocrx_word' id='word_1_38' title='bbox 931 701 1018 763; x_wconf 91' lang='lat' dir='ltr'>omni</span> <span class='ocrx_word' id='word_1_39' title='bbox 1043 711 1137 786; x_wconf 86' lang='lat' dir='ltr'>parte</span> 
     </span>
     <span class='ocr_line' id='line_1_7' title="bbox 99 786 1136 870; baseline -0.001 -19"><span class='ocrx_word' id='word_1_40' title='bbox 99 789 252 852; x_wconf 86' lang='lat' dir='ltr'>turribus</span> <span class='ocrx_word' id='word_1_41' title='bbox 274 787 568 864; x_wconf 79' lang='lat' dir='ltr'><strong>contabulaverant</strong></span> <span class='ocrx_word' id='word_1_42' title='bbox 589 799 690 870; x_wconf 89' lang='lat' dir='ltr'>atque</span> <span class='ocrx_word' id='word_1_43' title='bbox 711 786 772 849; x_wconf 83' lang='lat' dir='ltr'>lias</span> <span class='ocrx_word' id='word_1_44' title='bbox 807 786 906 848; x_wconf 85' lang='lat' dir='ltr'>coriis</span> <span class='ocrx_word' id='word_1_45' title='bbox 939 786 1136 850; x_wconf 79' lang='lat' dir='ltr'>intererant.</span> 
     </span>
     <span class='ocr_line' id='line_1_8' title="bbox 104 870 1137 955; baseline -0.001 -19"><span class='ocrx_word' id='word_1_46' title='bbox 104 872 192 937; x_wconf 91' lang='lat' dir='ltr'>Tum</span> <span class='ocrx_word' id='word_1_47' title='bbox 225 872 349 936; x_wconf 80' lang='lat' dir='ltr'><strong>crebris</strong></span> <span class='ocrx_word' id='word_1_48' title='bbox 382 870 510 936; x_wconf 84' lang='lat' dir='ltr'>diurnis</span> <span class='ocrx_word' id='word_1_49' title='bbox 542 871 779 955; x_wconf 76' lang='lat' dir='ltr'>nocturnisque</span> <span class='ocrx_word' id='word_1_50' title='bbox 815 871 1045 954; x_wconf 85' lang='lat' dir='ltr'>eruptionibus</span> <span class='ocrx_word' id='word_1_51' title='bbox 1078 879 1137 935; x_wconf 90' lang='lat' dir='ltr'>aut</span> 
     </span>
     <span class='ocr_line' id='line_1_9' title="bbox 104 956 1137 1043; baseline -0.002 -21"><span class='ocrx_word' id='word_1_52' title='bbox 104 981 123 1022; x_wconf 93' lang='lat' dir='ltr'>a</span> <span class='ocrx_word' id='word_1_53' title='bbox 147 959 216 1043; x_wconf 87' lang='lat' dir='ltr'>geri</span> <span class='ocrx_word' id='word_1_54' title='bbox 237 958 345 1042; x_wconf 81' lang='lat' dir='ltr'>ignem</span> <span class='ocrx_word' id='word_1_55' title='bbox 365 956 549 1021; x_wconf 83' lang='lat' dir='ltr'>inferebant</span> <span class='ocrx_word' id='word_1_56' title='bbox 571 966 629 1020; x_wconf 90' lang='lat' dir='ltr'>aut</span> <span class='ocrx_word' id='word_1_57' title='bbox 650 957 772 1021; x_wconf 87' lang='lat' dir='ltr'>milites</span> <span class='ocrx_word' id='word_1_58' title='bbox 795 957 1021 1040; x_wconf 87' lang='lat' dir='ltr'>occupatosin</span> <span class='ocrx_word' id='word_1_59' title='bbox 1034 977 1137 1040; x_wconf 88' lang='lat' dir='ltr'>opere</span> 
     </span>
     <span class='ocr_line' id='line_1_10' title="bbox 105 979 1136 1124; baseline -0.001 -18"><span class='ocrx_word' id='word_1_60' title='bbox 105 979 339 1107; x_wconf 57' lang='lat' dir='ltr'>adoriebantur</span> <span class='ocrx_word' id='word_1_61' title='bbox 362 1050 394 1106; x_wconf 86' lang='lat' dir='ltr'>et</span> <span class='ocrx_word' id='word_1_62' title='bbox 416 1052 603 1106; x_wconf 88' lang='lat' dir='ltr'>nostrarum</span> <span class='ocrx_word' id='word_1_63' title='bbox 621 1042 758 1105; x_wconf 90' lang='lat' dir='ltr'>turrium</span> <span class='ocrx_word' id='word_1_64' title='bbox 775 1041 988 1116; x_wconf 82' lang='lat' dir='ltr'>altitudinem,</span> <span class='ocrx_word' id='word_1_65' title='bbox 1011 1041 1136 1124; x_wconf 68' lang='lat' dir='ltr'>³quan·</span> 
     </span>
    </p>
   </div>
   <div class='ocr_carea' id='block_1_3' title="bbox 105 1126 1136 1225">
    <p class='ocr_par' dir='ltr' id='par_1_3' title="bbox 105 1126 1136 1225">
     <span class='ocr_line' id='line_1_11' title="bbox 105 1126 1136 1225; baseline -0.001 -34"><span class='ocrx_word' id='word_1_66' title='bbox 105 1137 173 1193; x_wconf 90' lang='lat' dir='ltr'>tum</span> <span class='ocrx_word' id='word_1_67' title='bbox 199 1127 262 1191; x_wconf 80' lang='lat' dir='ltr'>lias</span> <span class='ocrx_word' id='word_1_68' title='bbox 296 1126 508 1225; x_wconf 84' lang='lat' dir='ltr'>quotidianus</span> <span class='ocrx_word' id='word_1_69' title='bbox 542 1149 642 1212; x_wconf 87' lang='lat' dir='ltr'>agger</span> <span class='ocrx_word' id='word_1_70' title='bbox 675 1136 894 1211; x_wconf 86' lang='lat' dir='ltr'>expresserat,</span> <span class='ocrx_word' id='word_1_71' title='bbox 926 1127 1136 1191; x_wconf 74' lang='lat' dir='ltr'>*commissis</span> 
     </span>
    </p>
   </div>
   <div class='ocr_carea' id='block_1_4' title="bbox 19 1212 1137 3933">
    <p class='ocr_par' dir='ltr' id='par_1_4' title="bbox 103 1212 1137 1554">
     <span class='ocr_line' id='line_1_12' title="bbox 104 1212 1135 1296; baseline -0.002 -19"><span class='ocrx_word' id='word_1_72' title='bbox 104 1235 237 1277; x_wconf 89' lang='lat' dir='ltr'>suarum</span> <span class='ocrx_word' id='word_1_73' title='bbox 260 1223 398 1277; x_wconf 89' lang='lat' dir='ltr'>turnum</span> <span class='ocrx_word' id='word_1_74' title='bbox 419 1213 513 1276; x_wconf 90' lang='lat' dir='ltr'>malis</span> <span class='ocrx_word' id='word_1_75' title='bbox 535 1213 766 1296; x_wconf 86' lang='lat' dir='ltr'>adaequabant</span> <span class='ocrx_word' id='word_1_76' title='bbox 788 1221 821 1275; x_wconf 90' lang='lat' dir='ltr'>et</span> <span class='ocrx_word' id='word_1_77' title='bbox 843 1219 978 1294; x_wconf 87' lang='lat' dir='ltr'>apertos</span> <span class='ocrx_word' id='word_1_78' title='bbox 1001 1212 1135 1275; x_wconf 89' lang='lat' dir='ltr'>eunicu-</span> 
     </span>
     <span class='ocr_line' id='line_1_13' title="bbox 103 1296 1137 1383; baseline -0.001 -22"><span class='ocrx_word' id='word_1_79' title='bbox 103 1298 156 1362; x_wconf 91' lang='lat' dir='ltr'>los</span> <span class='ocrx_word' id='word_1_80' title='bbox 178 1307 337 1383; x_wconf 89' lang='lat' dir='ltr'>praeusta</span> <span class='ocrx_word' id='word_1_81' title='bbox 369 1307 402 1361; x_wconf 89' lang='lat' dir='ltr'>et</span> <span class='ocrx_word' id='word_1_82' title='bbox 434 1308 612 1383; x_wconf 90' lang='lat' dir='ltr'>praeacuta</span> <span class='ocrx_word' id='word_1_83' title='bbox 648 1298 783 1360; x_wconf 87' lang='lat' dir='ltr'>materia</span> <span class='ocrx_word' id='word_1_84' title='bbox 806 1309 839 1360; x_wconf 87' lang='lat' dir='ltr'>et</span> <span class='ocrx_word' id='word_1_85' title='bbox 859 1297 933 1381; x_wconf 88' lang='lat' dir='ltr'>pice</span> <span class='ocrx_word' id='word_1_86' title='bbox 955 1296 1137 1361; x_wconf 84' lang='lat' dir='ltr'>fervefacta</span> 
     </span>
     <span class='ocr_line' id='line_1_14' title="bbox 104 1382 1135 1467; baseline -0.003 -19"><span class='ocrx_word' id='word_1_87' title='bbox 104 1397 138 1448; x_wconf 90' lang='lat' dir='ltr'>et</span> <span class='ocrx_word' id='word_1_88' title='bbox 169 1384 301 1447; x_wconf 90' lang='lat' dir='ltr'>maximi</span> <span class='ocrx_word' id='word_1_89' title='bbox 333 1382 491 1467; x_wconf 87' lang='lat' dir='ltr'>ponderis</span> <span class='ocrx_word' id='word_1_90' title='bbox 525 1384 615 1449; x_wconf 87' lang='lat' dir='ltr'>saxis</span> <span class='ocrx_word' id='word_1_91' title='bbox 648 1384 861 1448; x_wconf 87' lang='lat' dir='ltr'>morabantur</span> <span class='ocrx_word' id='word_1_92' title='bbox 894 1383 1135 1466; x_wconf 87' lang='lat' dir='ltr'>moenibusque</span> 
     </span>
     <span class='ocr_line' id='line_1_15' title="bbox 103 1468 620 1554; baseline -0.002 -22"><span class='ocrx_word' id='word_1_93' title='bbox 103 1471 369 1554; x_wconf 85' lang='lat' dir='ltr'>appropinquare</span> <span class='ocrx_word' id='word_1_94' title='bbox 392 1468 620 1553; x_wconf 83' lang='lat' dir='ltr'>prohibebant</span> 
     </span>
    </p>

    <p class='ocr_par' dir='ltr' id='par_1_5' title="bbox 19 1550 1135 3084">
     <span class='ocr_line' id='line_1_16' title="bbox 147 1550 1134 1618; baseline 0 -1"><span class='ocrx_word' id='word_1_95' title='bbox 147 1554 196 1618; x_wconf 82' lang='lat'>23.</span> <span class='ocrx_word' id='word_1_96' title='bbox 241 1554 328 1618; x_wconf 85' lang='lat' dir='ltr'>Muri</span> <span class='ocrx_word' id='word_1_97' title='bbox 350 1563 458 1617; x_wconf 90' lang='lat' dir='ltr'>autem</span> <span class='ocrx_word' id='word_1_98' title='bbox 482 1575 594 1617; x_wconf 89' lang='lat' dir='ltr'>omnes</span> <span class='ocrx_word' id='word_1_99' title='bbox 619 1551 736 1618; x_wconf 86' lang='lat' dir='ltr'>Gallici</span> <span class='ocrx_word' id='word_1_100' title='bbox 758 1550 901 1616; x_wconf 85' lang='lat' dir='ltr'>lracfere</span> <span class='ocrx_word' id='word_1_101' title='bbox 917 1551 1024 1616; x_wconf 87' lang='lat' dir='ltr'>forma</span> <span class='ocrx_word' id='word_1_102' title='bbox 1046 1562 1134 1617; x_wconf 81' lang='lat' dir='ltr'>sunt</span> 
     </span>
     <span class='ocr_line' id='line_1_17' title="bbox 103 1637 1134 1722; baseline -0.003 -19"><span class='ocrx_word' id='word_1_103' title='bbox 103 1637 252 1703; x_wconf 86' lang='lat' dir='ltr'>¹Trabes</span> <span class='ocrx_word' id='word_1_104' title='bbox 276 1639 419 1703; x_wconf 84' lang='lat' dir='ltr'>directae</span> <span class='ocrx_word' id='word_1_105' title='bbox 448 1650 627 1722; x_wconf 89' lang='lat' dir='ltr'>perpetuae</span> <span class='ocrx_word' id='word_1_106' title='bbox 659 1639 693 1702; x_wconf 93' lang='lat' dir='ltr'>in</span> <span class='ocrx_word' id='word_1_107' title='bbox 727 1637 963 1722; x_wconf 85' lang='lat' dir='ltr'>longitudinem</span> <span class='ocrx_word' id='word_1_108' title='bbox 995 1638 1134 1722; x_wconf 87' lang='lat' dir='ltr'>paribus</span> 
     </span>
     <span class='ocr_line' id='line_1_18' title="bbox 102 1723 1135 1806; baseline -0.002 -17"><span class='ocrx_word' id='word_1_109' title='bbox 102 1725 293 1801; x_wconf 86' lang='lat' dir='ltr'>intervallis,</span> <span class='ocrx_word' id='word_1_110' title='bbox 316 1725 477 1788; x_wconf 86' lang='lat' dir='ltr'>distantes</span> <span class='ocrx_word' id='word_1_111' title='bbox 499 1725 584 1787; x_wconf 90' lang='lat' dir='ltr'>inter</span> <span class='ocrx_word' id='word_1_112' title='bbox 606 1744 643 1787; x_wconf 86' lang='lat' dir='ltr'>se</span> <span class='ocrx_word' id='word_1_113' title='bbox 666 1724 762 1788; x_wconf 89' lang='lat' dir='ltr'>binos</span> <span class='ocrx_word' id='word_1_114' title='bbox 781 1723 894 1806; x_wconf 88' lang='lat' dir='ltr'>pedes,</span> <span class='ocrx_word' id='word_1_115' title='bbox 917 1724 949 1786; x_wconf 91' lang='lat' dir='ltr'>in</span> <span class='ocrx_word' id='word_1_116' title='bbox 973 1724 1049 1786; x_wconf 87' lang='lat' dir='ltr'>solo</span> <span class='ocrx_word' id='word_1_117' title='bbox 1064 1724 1135 1787; x_wconf 91' lang='lat' dir='ltr'>col·</span> 
     </span>
     <span class='ocr_line' id='line_1_19' title="bbox 102 1808 1134 1894; baseline -0.003 -20"><span class='ocrx_word' id='word_1_118' title='bbox 102 1810 261 1874; x_wconf 87' lang='lat' dir='ltr'>locantur.</span> <span class='ocrx_word' id='word_1_119' title='bbox 306 1809 398 1873; x_wconf 85' lang='lat' dir='ltr'>²Hae</span> <span class='ocrx_word' id='word_1_120' title='bbox 419 1809 641 1873; x_wconf 85' lang='lat' dir='ltr'>revinciuntur</span> <span class='ocrx_word' id='word_1_121' title='bbox 651 1809 815 1872; x_wconf 86' lang='lat' dir='ltr'>introrsus</span> <span class='ocrx_word' id='word_1_122' title='bbox 839 1818 871 1872; x_wconf 91' lang='lat' dir='ltr'>et</span> <span class='ocrx_word' id='word_1_123' title='bbox 893 1808 996 1871; x_wconf 92' lang='lat' dir='ltr'>multo</span> <span class='ocrx_word' id='word_1_124' title='bbox 1012 1829 1134 1894; x_wconf 89' lang='lat' dir='ltr'>aggere</span> 
     </span>
     <span class='ocr_line' id='line_1_20' title="bbox 101 1893 1134 1978; baseline 0 -21"><span class='ocrx_word' id='word_1_125' title='bbox 101 1896 302 1969; x_wconf 81' lang='lat' dir='ltr'>vestiuntur3</span> <span class='ocrx_word' id='word_1_126' title='bbox 326 1916 366 1957; x_wconf 91' lang='lat' dir='ltr'>ea</span> <span class='ocrx_word' id='word_1_127' title='bbox 387 1904 504 1968; x_wconf 89' lang='lat' dir='ltr'>autern,</span> <span class='ocrx_word' id='word_1_128' title='bbox 538 1915 623 1977; x_wconf 89' lang='lat' dir='ltr'>quae</span> <span class='ocrx_word' id='word_1_129' title='bbox 656 1893 808 1968; x_wconf 87' lang='lat' dir='ltr'>diximus,</span> <span class='ocrx_word' id='word_1_130' title='bbox 841 1893 1014 1957; x_wconf 87' lang='lat' dir='ltr'>intervalla</span> <span class='ocrx_word' id='word_1_131' title='bbox 1035 1914 1134 1978; x_wconf 89' lang='lat' dir='ltr'>grau·</span> 
     </span>
     <span class='ocr_line' id='line_1_21' title="bbox 102 1978 1134 2043; baseline 0 -1"><span class='ocrx_word' id='word_1_132' title='bbox 102 1979 200 2043; x_wconf 87' lang='lat' dir='ltr'>dibus</span> <span class='ocrx_word' id='word_1_133' title='bbox 223 1980 256 2041; x_wconf 93' lang='lat' dir='ltr'>in</span> <span class='ocrx_word' id='word_1_134' title='bbox 278 1979 389 2042; x_wconf 87' lang='lat' dir='ltr'>fronte</span> <span class='ocrx_word' id='word_1_135' title='bbox 411 1979 500 2042; x_wconf 87' lang='lat' dir='ltr'>saxis</span> <span class='ocrx_word' id='word_1_136' title='bbox 524 1978 740 2043; x_wconf 88' lang='lat' dir='ltr'>effarciuntur.</span> <span class='ocrx_word' id='word_1_137' title='bbox 797 1978 879 2041; x_wconf 79' lang='lat' dir='ltr'>³His</span> <span class='ocrx_word' id='word_1_138' title='bbox 903 1978 1075 2042; x_wconf 86' lang='lat' dir='ltr'>collocatis</span> <span class='ocrx_word' id='word_1_139' title='bbox 1099 1986 1134 2042; x_wconf 92' lang='lat' dir='ltr'>et</span> 
     </span>
     <span class='ocr_line' id='line_1_22' title="bbox 19 2062 1133 2149; baseline 0.001 -23"><span class='ocrx_word' id='word_1_140' title='bbox 19 2136 25 2146; x_wconf 26' lang='grc' dir='ltr'>ί</span> <span class='ocrx_word' id='word_1_141' title='bbox 102 2064 339 2149; x_wconf 79' lang='lat' dir='ltr'>coagmentatis</span> <span class='ocrx_word' id='word_1_142' title='bbox 362 2063 445 2127; x_wconf 92' lang='lat' dir='ltr'>alius</span> <span class='ocrx_word' id='word_1_143' title='bbox 468 2063 699 2147; x_wconf 91' lang='lat' dir='ltr'>insuperordo</span> <span class='ocrx_word' id='word_1_144' title='bbox 715 2063 857 2137; x_wconf 88' lang='lat' dir='ltr'>additur,</span> <span class='ocrx_word' id='word_1_145' title='bbox 880 2075 917 2127; x_wconf 91' lang='lat' dir='ltr'>ut</span> <span class='ocrx_word' id='word_1_146' title='bbox 938 2062 1025 2126; x_wconf 89' lang='lat' dir='ltr'>idem</span> <span class='ocrx_word' id='word_1_147' title='bbox 1047 2063 1133 2127; x_wconf 92' lang='lat' dir='ltr'>illud</span> 
     </span>
     <span class='ocr_line' id='line_1_23' title="bbox 100 2149 1132 2234; baseline 0 -22"><span class='ocrx_word' id='word_1_148' title='bbox 100 2149 307 2213; x_wconf 90' lang='lat' dir='ltr'>intervallum</span> <span class='ocrx_word' id='word_1_149' title='bbox 331 2157 490 2219; x_wconf 85' lang='lat' dir='ltr'>servetur,</span> <span class='ocrx_word' id='word_1_150' title='bbox 512 2170 619 2233; x_wconf 88' lang='lat' dir='ltr'>neque</span> <span class='ocrx_word' id='word_1_151' title='bbox 641 2149 725 2213; x_wconf 93' lang='lat' dir='ltr'>inter</span> <span class='ocrx_word' id='word_1_152' title='bbox 748 2170 785 2212; x_wconf 88' lang='lat' dir='ltr'>se</span> <span class='ocrx_word' id='word_1_153' title='bbox 807 2149 999 2234; x_wconf 87' lang='lat' dir='ltr'>contingant</span> <span class='ocrx_word' id='word_1_154' title='bbox 1010 2150 1132 2227; x_wconf 90' lang='lat' dir='ltr'>trabes,</span> 
     </span>
     <span class='ocr_line' id='line_1_24' title="bbox 100 2234 1132 2318; baseline -0.001 -21"><span class='ocrx_word' id='word_1_155' title='bbox 100 2234 163 2298; x_wconf 89' lang='lat' dir='ltr'>sed</span> <span class='ocrx_word' id='word_1_156' title='bbox 185 2234 320 2317; x_wconf 91' lang='lat' dir='ltr'>paribus</span> <span class='ocrx_word' id='word_1_157' title='bbox 342 2234 548 2297; x_wconf 87' lang='lat' dir='ltr'>intermissae</span> <span class='ocrx_word' id='word_1_158' title='bbox 571 2234 688 2318; x_wconf 86' lang='lat' dir='ltr'>spatiis</span> <span class='ocrx_word' id='word_1_159' title='bbox 711 2234 760 2298; x_wconf 87' lang='lat' dir='ltr'>sin</span> <span class='ocrx_word' id='word_1_160' title='bbox 786 2235 860 2297; x_wconf 90' lang='lat' dir='ltr'>ulae</span> <span class='ocrx_word' id='word_1_161' title='bbox 882 2234 1021 2318; x_wconf 88' lang='lat' dir='ltr'>singulis</span> <span class='ocrx_word' id='word_1_162' title='bbox 1040 2235 1132 2298; x_wconf 84' lang='lat' dir='ltr'>saxis</span> 
     </span>
     <span class='ocr_line' id='line_1_25' title="bbox 98 2255 1130 2405; baseline 0.001 -24"><span class='ocrx_word' id='word_1_163' title='bbox 98 2319 279 2405; x_wconf 88' lang='lat' dir='ltr'>interjectis</span> <span class='ocrx_word' id='word_1_164' title='bbox 292 2328 362 2383; x_wconf 89' lang='lat' dir='ltr'>arte</span> <span class='ocrx_word' id='word_1_165' title='bbox 373 2320 609 2383; x_wconf 88' lang='lat' dir='ltr'>contineantur.</span> <span class='ocrx_word' id='word_1_166' title='bbox 653 2319 729 2383; x_wconf 75' lang='lat' dir='ltr'>‘Sic</span> <span class='ocrx_word' id='word_1_167' title='bbox 753 2255 908 2403; x_wconf 71' lang='lat' dir='ltr'>deinceps</span> <span class='ocrx_word' id='word_1_168' title='bbox 931 2340 1027 2383; x_wconf 91' lang='lat' dir='ltr'>omne</span> <span class='ocrx_word' id='word_1_169' title='bbox 1043 2342 1064 2382; x_wconf 94' lang='lat' dir='ltr'>o</span> <span class='ocrx_word' id='word_1_170' title='bbox 1089 2341 1130 2382; x_wconf 88' lang='lat' dir='ltr'>us</span> 
     </span>
     <span class='ocr_line' id='line_1_26' title="bbox 93 2403 1131 2490; baseline 0 -22"><span class='ocrx_word' id='word_1_171' title='bbox 93 2405 294 2478; x_wconf 84' lang='lat' dir='ltr'>contexitur,</span> <span class='ocrx_word' id='word_1_172' title='bbox 328 2405 407 2468; x_wconf 90' lang='lat' dir='ltr'>dum</span> <span class='ocrx_word' id='word_1_173' title='bbox 434 2404 529 2490; x_wconf 87' lang='lat' dir='ltr'>justa</span> <span class='ocrx_word' id='word_1_174' title='bbox 561 2404 644 2467; x_wconf 88' lang='lat' dir='ltr'>muri</span> <span class='ocrx_word' id='word_1_175' title='bbox 666 2403 807 2467; x_wconf 88' lang='lat' dir='ltr'>altitudo</span> <span class='ocrx_word' id='word_1_176' title='bbox 830 2404 1010 2487; x_wconf 84' lang='lat' dir='ltr'>expleatur.</span> <span class='ocrx_word' id='word_1_177' title='bbox 1089 2426 1131 2468; x_wconf 90' lang='lat' dir='ltr'>ec</span> 
     </span>
     <span class='ocr_line' id='line_1_27' title="bbox 100 2489 1131 2574; baseline 0 -22"><span class='ocrx_word' id='word_1_178' title='bbox 100 2510 200 2574; x_wconf 90' lang='lat' dir='ltr'>quum</span> <span class='ocrx_word' id='word_1_179' title='bbox 222 2491 255 2553; x_wconf 93' lang='lat' dir='ltr'>in</span> <span class='ocrx_word' id='word_1_180' title='bbox 278 2491 421 2574; x_wconf 88' lang='lat' dir='ltr'>speeiem</span> <span class='ocrx_word' id='word_1_181' title='bbox 443 2491 700 2572; x_wconf 70' lang='lat' dir='ltr'>varietatemque</span> <span class='ocrx_word' id='word_1_182' title='bbox 722 2511 808 2573; x_wconf 89' lang='lat' dir='ltr'>opus</span> <span class='ocrx_word' id='word_1_183' title='bbox 831 2489 979 2553; x_wconf 87' lang='lat' dir='ltr'>deforme</span> <span class='ocrx_word' id='word_1_184' title='bbox 992 2498 1131 2563; x_wconf 89' lang='lat' dir='ltr'>nonest,</span> 
     </span>
     <span class='ocr_line' id='line_1_28' title="bbox 100 2574 1130 2659; baseline 0.002 -23"><span class='ocrx_word' id='word_1_185' title='bbox 100 2574 235 2638; x_wconf 88' lang='lat' dir='ltr'>alternis</span> <span class='ocrx_word' id='word_1_186' title='bbox 258 2576 407 2639; x_wconf 86' lang='lat' dir='ltr'>trabibus</span> <span class='ocrx_word' id='word_1_187' title='bbox 430 2596 469 2638; x_wconf 91' lang='lat' dir='ltr'>ac</span> <span class='ocrx_word' id='word_1_188' title='bbox 492 2576 591 2645; x_wconf 88' lang='lat' dir='ltr'>saxis,</span> <span class='ocrx_word' id='word_1_189' title='bbox 615 2594 699 2659; x_wconf 88' lang='lat' dir='ltr'>quae</span> <span class='ocrx_word' id='word_1_190' title='bbox 721 2575 820 2637; x_wconf 88' lang='lat' dir='ltr'>rectis</span> <span class='ocrx_word' id='word_1_191' title='bbox 843 2575 937 2637; x_wconf 89' lang='lat' dir='ltr'>lineis</span> <span class='ocrx_word' id='word_1_192' title='bbox 972 2595 1053 2637; x_wconf 88' lang='lat' dir='ltr'>suos</span> <span class='ocrx_word' id='word_1_193' title='bbox 1077 2594 1130 2638; x_wconf 86' lang='lat' dir='ltr'>or·</span> 
     </span>
     <span class='ocr_line' id='line_1_29' title="bbox 100 2657 1129 2735; baseline 0 -13"><span class='ocrx_word' id='word_1_194' title='bbox 100 2657 194 2722; x_wconf 86' lang='lat' dir='ltr'>dines</span> <span class='ocrx_word' id='word_1_195' title='bbox 211 2669 352 2735; x_wconf 87' lang='lat' dir='ltr'>servant,</span> <span class='ocrx_word' id='word_1_196' title='bbox 376 2671 445 2723; x_wconf 90' lang='lat' dir='ltr'>tmn</span> <span class='ocrx_word' id='word_1_197' title='bbox 466 2659 511 2723; x_wconf 90' lang='lat' dir='ltr'>ad</span> <span class='ocrx_word' id='word_1_198' title='bbox 534 2660 704 2723; x_wconf 89' lang='lat' dir='ltr'>utilit-atem</span> <span class='ocrx_word' id='word_1_199' title='bbox 717 2668 750 2722; x_wconf 93' lang='lat' dir='ltr'>et</span> <span class='ocrx_word' id='word_1_200' title='bbox 762 2658 985 2723; x_wconf 85' lang='lat' dir='ltr'>defensionem</span> <span class='ocrx_word' id='word_1_201' title='bbox 1001 2660 1129 2724; x_wconf 89' lang='lat' dir='ltr'>urbium</span> 
     </span>
     <span class='ocr_line' id='line_1_30' title="bbox 89 2744 1128 2830; baseline 0.003 -24"><span class='ocrx_word' id='word_1_202' title='bbox 89 2764 259 2807; x_wconf 87' lang='lat' dir='ltr'>summam</span> <span class='ocrx_word' id='word_1_203' title='bbox 286 2744 387 2809; x_wconf 86' lang='lat' dir='ltr'>habet</span> <span class='ocrx_word' id='word_1_204' title='bbox 417 2746 705 2830; x_wconf 88' lang='lat' dir='ltr'>opportunitatem,</span> <span class='ocrx_word' id='word_1_205' title='bbox 738 2744 831 2827; x_wconf 89' lang='lat' dir='ltr'>quod</span> <span class='ocrx_word' id='word_1_206' title='bbox 854 2754 887 2807; x_wconf 88' lang='lat' dir='ltr'>et</span> <span class='ocrx_word' id='word_1_207' title='bbox 909 2746 950 2807; x_wconf 90' lang='lat' dir='ltr'>ab</span> <span class='ocrx_word' id='word_1_208' title='bbox 975 2744 1128 2809; x_wconf 88' lang='lat' dir='ltr'>incendio</span> 
     </span>
     <span class='ocr_line' id='line_1_31' title="bbox 98 2827 1128 2913; baseline 0.002 -23"><span class='ocrx_word' id='word_1_209' title='bbox 98 2827 183 2913; x_wconf 90' lang='lat' dir='ltr'>lapis</span> <span class='ocrx_word' id='word_1_210' title='bbox 207 2837 239 2892; x_wconf 91' lang='lat' dir='ltr'>et</span> <span class='ocrx_word' id='word_1_211' title='bbox 273 2830 315 2893; x_wconf 92' lang='lat' dir='ltr'>ab</span> <span class='ocrx_word' id='word_1_212' title='bbox 348 2830 449 2893; x_wconf 88' lang='lat' dir='ltr'>ariete</span> <span class='ocrx_word' id='word_1_213' title='bbox 482 2830 616 2894; x_wconf 86' lang='lat' dir='ltr'>materia</span> <span class='ocrx_word' id='word_1_214' title='bbox 650 2828 805 2903; x_wconf 83' lang='lat' dir='ltr'>defendit,</span> <span class='ocrx_word' id='word_1_215' title='bbox 839 2850 925 2913; x_wconf 90' lang='lat' dir='ltr'>quae</span> <span class='ocrx_word' id='word_1_216' title='bbox 958 2830 1128 2913; x_wconf 89' lang='lat' dir='ltr'>perpetuis</span> 
     </span>
     <span class='ocr_line' id='line_1_32' title="bbox 98 2912 1129 3000; baseline 0.002 -24"><span class='ocrx_word' id='word_1_217' title='bbox 98 2912 248 2978; x_wconf 89' lang='lat' dir='ltr'>trabibus</span> <span class='ocrx_word' id='word_1_218' title='bbox 271 2912 376 2997; x_wconf 89' lang='lat' dir='ltr'>pedes</span> <span class='ocrx_word' id='word_1_219' title='bbox 400 2913 632 3000; x_wconf 87' lang='lat' dir='ltr'>quadragenos</span> <span class='ocrx_word' id='word_1_220' title='bbox 654 2913 848 2998; x_wconf 90' lang='lat' dir='ltr'>plerumque</span> <span class='ocrx_word' id='word_1_221' title='bbox 880 2915 1044 2977; x_wconf 88' lang='lat' dir='ltr'>introrsus</span> <span class='ocrx_word' id='word_1_222' title='bbox 1078 2936 1129 2978; x_wconf 92' lang='lat' dir='ltr'>re·</span> 
     </span>
     <span class='ocr_line' id='line_1_33' title="bbox 98 2997 962 3084; baseline 0.001 -23"><span class='ocrx_word' id='word_1_223' title='bbox 98 2998 209 3080; x_wconf 66' lang='lat' dir='ltr'>vincta</span> <span class='ocrx_word' id='word_1_224' title='bbox 230 3019 339 3081; x_wconf 87' lang='lat' dir='ltr'>neque</span> <span class='ocrx_word' id='word_1_225' title='bbox 361 3000 528 3084; x_wconf 89' lang='lat' dir='ltr'>perrumpi</span> <span class='ocrx_word' id='word_1_226' title='bbox 550 3019 657 3082; x_wconf 91' lang='lat' dir='ltr'>neque</span> <span class='ocrx_word' id='word_1_227' title='bbox 679 2997 819 3062; x_wconf 90' lang='lat' dir='ltr'>distrahi</span> <span class='ocrx_word' id='word_1_228' title='bbox 840 3007 962 3084; x_wconf 88' lang='lat' dir='ltr'>potest.</span> 
     </span>
    </p>

    <p class='ocr_par' dir='ltr' id='par_1_6' title="bbox 96 3081 1129 3933">
     <span class='ocr_line' id='line_1_34' title="bbox 141 3081 1128 3169; baseline 0.002 -23"><span class='ocrx_word' id='word_1_229' title='bbox 141 3081 192 3147; x_wconf 80' lang='lat'>24.</span> <span class='ocrx_word' id='word_1_230' title='bbox 234 3081 298 3147; x_wconf 86' lang='lat' dir='ltr'>His</span> <span class='ocrx_word' id='word_1_231' title='bbox 321 3095 374 3147; x_wconf 89' lang='lat' dir='ltr'>tot</span> <span class='ocrx_word' id='word_1_232' title='bbox 393 3085 494 3147; x_wconf 90' lang='lat' dir='ltr'>rebus</span> <span class='ocrx_word' id='word_1_233' title='bbox 527 3084 685 3168; x_wconf 90' lang='lat' dir='ltr'>impedita</span> <span class='ocrx_word' id='word_1_234' title='bbox 720 3085 967 3169; x_wconf 85' lang='lat' dir='ltr'>oppugnatione</span> <span class='ocrx_word' id='word_1_235' title='bbox 1000 3083 1128 3160; x_wconf 86' lang='lat' dir='ltr'>milites,</span> 
     </span>
     <span class='ocr_line' id='line_1_35' title="bbox 99 3167 1129 3253; baseline 0.001 -22"><span class='ocrx_word' id='word_1_236' title='bbox 99 3187 201 3251; x_wconf 91' lang='lat' dir='ltr'>quum</span> <span class='ocrx_word' id='word_1_237' title='bbox 222 3175 295 3231; x_wconf 87' lang='lat' dir='ltr'>toto</span> <span class='ocrx_word' id='word_1_238' title='bbox 319 3176 467 3253; x_wconf 89' lang='lat' dir='ltr'>tempore</span> <span class='ocrx_word' id='word_1_239' title='bbox 488 3167 611 3253; x_wconf 84' lang='lat' dir='ltr'>frigore</span> <span class='ocrx_word' id='word_1_240' title='bbox 634 3178 666 3233; x_wconf 89' lang='lat' dir='ltr'>et</span> <span class='ocrx_word' id='word_1_241' title='bbox 694 3170 838 3234; x_wconf 81' lang='lat' dir='ltr'>assiduis</span> <span class='ocrx_word' id='word_1_242' title='bbox 870 3170 1030 3233; x_wconf 87' lang='lat' dir='ltr'>imbribus</span> <span class='ocrx_word' id='word_1_243' title='bbox 1064 3177 1129 3232; x_wconf 86' lang='lat' dir='ltr'>tar·</span> 
     </span>
     <span class='ocr_line' id='line_1_36' title="bbox 99 3252 1129 3339; baseline 0 -22"><span class='ocrx_word' id='word_1_244' title='bbox 99 3252 264 3327; x_wconf 88' lang='lat' dir='ltr'>darentur,</span> <span class='ocrx_word' id='word_1_245' title='bbox 286 3255 395 3317; x_wconf 85' lang='lat' dir='ltr'>tamen</span> <span class='ocrx_word' id='word_1_246' title='bbox 417 3254 595 3318; x_wconf 89' lang='lat' dir='ltr'>continenti</span> <span class='ocrx_word' id='word_1_247' title='bbox 617 3254 732 3318; x_wconf 88' lang='lat' dir='ltr'>labore</span> <span class='ocrx_word' id='word_1_248' title='bbox 755 3256 864 3318; x_wconf 89' lang='lat' dir='ltr'>omnia</span> <span class='ocrx_word' id='word_1_249' title='bbox 888 3254 970 3318; x_wconf 89' lang='lat' dir='ltr'>haec</span> <span class='ocrx_word' id='word_1_250' title='bbox 993 3275 1129 3339; x_wconf 84' lang='lat' dir='ltr'>supera-</span> 
     </span>
     <span class='ocr_line' id='line_1_37' title="bbox 98 3337 1128 3425; baseline -0.001 -24"><span class='ocrx_word' id='word_1_251' title='bbox 98 3348 217 3403; x_wconf 89' lang='lat' dir='ltr'>verunt</span> <span class='ocrx_word' id='word_1_252' title='bbox 239 3347 273 3402; x_wconf 90' lang='lat' dir='ltr'>et</span> <span class='ocrx_word' id='word_1_253' title='bbox 294 3337 412 3404; x_wconf 90' lang='lat' dir='ltr'>diebus</span> <span class='ocrx_word' id='word_1_254' title='bbox 435 3361 505 3402; x_wconf 88' lang='lat' dir='ltr'>xxv</span> <span class='ocrx_word' id='word_1_255' title='bbox 532 3361 685 3425; x_wconf 85' lang='lat' dir='ltr'>aggerem</span> <span class='ocrx_word' id='word_1_256' title='bbox 718 3339 820 3404; x_wconf 91' lang='lat' dir='ltr'>latum</span> <span class='ocrx_word' id='word_1_257' title='bbox 853 3339 958 3425; x_wconf 91' lang='lat' dir='ltr'>pedes</span> <span class='ocrx_word' id='word_1_258' title='bbox 992 3360 1128 3414; x_wconf 87' lang='lat' dir='ltr'>cccxxx,</span> 
     </span>
     <span class='ocr_line' id='line_1_38' title="bbox 98 3422 1129 3508; baseline 0 -21"><span class='ocrx_word' id='word_1_259' title='bbox 98 3423 199 3487; x_wconf 89' lang='lat' dir='ltr'>altum</span> <span class='ocrx_word' id='word_1_260' title='bbox 222 3422 327 3508; x_wconf 90' lang='lat' dir='ltr'>podes</span> <span class='ocrx_word' id='word_1_261' title='bbox 340 3446 430 3486; x_wconf 79' lang='lat' dir='ltr'>rxxx</span> <span class='ocrx_word' id='word_1_262' title='bbox 452 3433 695 3488; x_wconf 88' lang='lat' dir='ltr'>exstruxerunt</span> <span class='ocrx_word' id='word_1_263' title='bbox 742 3425 852 3505; x_wconf 83' lang='lat' dir='ltr'>Quum</span> <span class='ocrx_word' id='word_1_264' title='bbox 873 3426 902 3488; x_wconf 88' lang='lat' dir='ltr'>is</span> <span class='ocrx_word' id='word_1_265' title='bbox 925 3445 1052 3488; x_wconf 90' lang='lat' dir='ltr'>murum</span> <span class='ocrx_word' id='word_1_266' title='bbox 1068 3423 1129 3487; x_wconf 90' lang='lat' dir='ltr'>ho·</span> 
     </span>
     <span class='ocr_line' id='line_1_39' title="bbox 98 3509 1129 3595; baseline 0 -23"><span class='ocrx_word' id='word_1_267' title='bbox 98 3509 197 3573; x_wconf 84' lang='lat' dir='ltr'>stium</span> <span class='ocrx_word' id='word_1_268' title='bbox 219 3531 324 3594; x_wconf 88' lang='lat' dir='ltr'>paena</span> <span class='ocrx_word' id='word_1_269' title='bbox 347 3509 551 3594; x_wconf 85' lang='lat' dir='ltr'>contingeret</span> <span class='ocrx_word' id='word_1_270' title='bbox 573 3521 607 3572; x_wconf 88' lang='lat' dir='ltr'>et</span> <span class='ocrx_word' id='word_1_271' title='bbox 629 3509 751 3574; x_wconf 87' lang='lat' dir='ltr'>Caesar</span> <span class='ocrx_word' id='word_1_272' title='bbox 773 3510 816 3574; x_wconf 89' lang='lat' dir='ltr'>ad</span> <span class='ocrx_word' id='word_1_273' title='bbox 840 3531 925 3595; x_wconf 88' lang='lat' dir='ltr'>opus</span> <span class='ocrx_word' id='word_1_274' title='bbox 952 3520 1129 3572; x_wconf 88' lang='lat' dir='ltr'>consuetu·</span> 
     </span>
     <span class='ocr_line' id='line_1_40' title="bbox 98 3592 1127 3678; baseline 0 -21"><span class='ocrx_word' id='word_1_275' title='bbox 98 3592 173 3657; x_wconf 93' lang='lat' dir='ltr'>dine</span> <span class='ocrx_word' id='word_1_276' title='bbox 197 3596 374 3658; x_wconf 87' lang='lat' dir='ltr'>excubaret</span> <span class='ocrx_word' id='word_1_277' title='bbox 395 3594 581 3677; x_wconf 86' lang='lat' dir='ltr'>militesque</span> <span class='ocrx_word' id='word_1_278' title='bbox 603 3593 801 3671; x_wconf 87' lang='lat' dir='ltr'>hortaretur,</span> <span class='ocrx_word' id='word_1_279' title='bbox 823 3617 865 3658; x_wconf 89' lang='lat' dir='ltr'>ne</span> <span class='ocrx_word' id='word_1_280' title='bbox 888 3594 980 3678; x_wconf 88' lang='lat' dir='ltr'>quod</span> <span class='ocrx_word' id='word_1_281' title='bbox 995 3594 1127 3657; x_wconf 92' lang='lat' dir='ltr'>omnino</span> 
     </span>
     <span class='ocr_line' id='line_1_41' title="bbox 97 3679 1126 3764; baseline -0.001 -22"><span class='ocrx_word' id='word_1_282' title='bbox 97 3685 227 3763; x_wconf 87' lang='lat' dir='ltr'>tempus</span> <span class='ocrx_word' id='word_1_283' title='bbox 250 3680 292 3743; x_wconf 91' lang='lat' dir='ltr'>ab</span> <span class='ocrx_word' id='word_1_284' title='bbox 316 3700 416 3764; x_wconf 88' lang='lat' dir='ltr'>opere</span> <span class='ocrx_word' id='word_1_285' title='bbox 448 3679 724 3755; x_wconf 87' lang='lat' dir='ltr'>intermitteretur,</span> <span class='ocrx_word' id='word_1_286' title='bbox 757 3679 858 3764; x_wconf 90' lang='lat' dir='ltr'>paulo</span> <span class='ocrx_word' id='word_1_287' title='bbox 891 3688 967 3743; x_wconf 90' lang='lat' dir='ltr'>ante</span> <span class='ocrx_word' id='word_1_288' title='bbox 1000 3680 1126 3743; x_wconf 88' lang='lat' dir='ltr'>tertiam</span> 
     </span>
     <span class='ocr_line' id='line_1_42' title="bbox 97 3762 1128 3849; baseline 0.002 -23"><span class='ocrx_word' id='word_1_289' title='bbox 97 3763 239 3849; x_wconf 88' lang='lat' dir='ltr'>vigiliam</span> <span class='ocrx_word' id='word_1_290' title='bbox 262 3774 314 3827; x_wconf 87' lang='lat' dir='ltr'>est</span> <span class='ocrx_word' id='word_1_291' title='bbox 336 3763 599 3827; x_wconf 87' lang='lat' dir='ltr'>animadversum</span> <span class='ocrx_word' id='word_1_292' title='bbox 620 3762 747 3827; x_wconf 87' lang='lat' dir='ltr'>fumare</span> <span class='ocrx_word' id='word_1_293' title='bbox 769 3785 929 3849; x_wconf 87' lang='lat' dir='ltr'>aggerem,</span> <span class='ocrx_word' id='word_1_294' title='bbox 953 3786 1049 3848; x_wconf 90' lang='lat' dir='ltr'>quem</span> <span class='ocrx_word' id='word_1_295' title='bbox 1073 3786 1128 3828; x_wconf 89' lang='lat' dir='ltr'>cu·</span> 
     </span>
     <span class='ocr_line' id='line_1_43' title="bbox 96 3847 1127 3933; baseline 0 -20"><span class='ocrx_word' id='word_1_296' title='bbox 96 3848 207 3913; x_wconf 88' lang='lat' dir='ltr'>niculo</span> <span class='ocrx_word' id='word_1_297' title='bbox 228 3847 346 3925; x_wconf 80' lang='lat' dir='ltr'>hostes</span> <span class='ocrx_word' id='word_1_298' title='bbox 374 3848 623 3925; x_wconf 84' lang='lat' dir='ltr'>succenderant,</span> <span class='ocrx_word' id='word_1_299' title='bbox 657 3849 841 3933; x_wconf 87' lang='lat' dir='ltr'>eodemque</span> <span class='ocrx_word' id='word_1_300' title='bbox 874 3861 1023 3932; x_wconf 83' lang='lat' dir='ltr'>tempore</span> <span class='ocrx_word' id='word_1_301' title='bbox 1055 3859 1127 3914; x_wconf 89' lang='lat' dir='ltr'>toto</span> 
     </span>
    </p>
   </div>
   <div class='ocr_carea' id='block_1_5' title="bbox 0 0 1222 4320">
    <p class='ocr_par' dir='ltr' id='par_1_7' title="bbox 0 0 1222 4320">
     <span class='ocr_line' id='line_1_44' title="bbox 0 0 1222 4320; baseline 0 2"><span class='ocrx_word' id='word_1_302' title='bbox 0 0 1222 4320; x_wconf 95' lang='lat' dir='ltr'> </span> 
     </span>
    </p>
   </div>
  </div>
 </body>
</html>
