<?xml version="1.0" encoding="UTF-8"?>
<!DOCTYPE html PUBLIC "-//W3C//DTD XHTML 1.0 Transitional//EN"
    "http://www.w3.org/TR/xhtml1/DTD/xhtml1-transitional.dtd">
<html xmlns="http://www.w3.org/1999/xhtml" xml:lang="en" lang="en">
 <head>
  <title>
</title>
<meta http-equiv="Content-Type" content="text/html;charset=utf-8" />
  <meta name='ocr-system' content='tesseract 3.04.00' />
  <meta name='ocr-capabilities' content='ocr_page ocr_carea ocr_par ocr_line ocrx_word'/>
</head>
<body>
  <div class='ocr_page' id='page_1' title='image "./cjuliicaesarisc00friggoog_0107.png"; bbox 0 0 2468 4312; ppageno 0'>
   <div class='ocr_carea' id='block_1_1' title="bbox 118 225 802 290">
    <p class='ocr_par' dir='ltr' id='par_1_1' title="bbox 118 225 802 290">
     <span class='ocr_line' id='line_1_1' title="bbox 118 225 802 290; baseline -0.006 0"><span class='ocrx_word' id='word_1_1' title='bbox 118 225 161 290; x_wconf 86' lang='lat'>90</span> <span class='ocrx_word' id='word_1_2' title='bbox 473 246 515 286; x_wconf 79' lang='lat' dir='ltr'>ne</span> <span class='ocrx_word' id='word_1_3' title='bbox 538 245 641 286; x_wconf 76' lang='lat' dir='ltr'>sunio</span> <span class='ocrx_word' id='word_1_4' title='bbox 665 243 802 286; x_wconf 67' lang='lat' dir='ltr'>eunuco</span> 
     </span>
    </p>
   </div>
   <div class='ocr_carea' id='block_1_2' title="bbox 117 376 1151 548">
    <p class='ocr_par' dir='ltr' id='par_1_2' title="bbox 117 376 1151 548">
     <span class='ocr_line' id='line_1_2' title="bbox 117 376 1151 461; baseline -0.002 -18"><span class='ocrx_word' id='word_1_5' title='bbox 117 387 247 444; x_wconf 84' lang='lat' dir='ltr'>raretur</span> <span class='ocrx_word' id='word_1_6' title='bbox 268 384 367 461; x_wconf 87' lang='lat' dir='ltr'>atque</span> <span class='ocrx_word' id='word_1_7' title='bbox 389 377 635 452; x_wconf 86' lang='lat' dir='ltr'>interficeretur,</span> <span class='ocrx_word' id='word_1_8' title='bbox 658 376 715 438; x_wconf 80' lang='lat' dir='ltr'>⁵ut</span> <span class='ocrx_word' id='word_1_9' title='bbox 737 398 774 440; x_wconf 90' lang='lat' dir='ltr'>se</span> <span class='ocrx_word' id='word_1_10' title='bbox 797 377 860 438; x_wconf 90' lang='lat' dir='ltr'>sub</span> <span class='ocrx_word' id='word_1_11' title='bbox 883 376 957 460; x_wconf 91' lang='lat' dir='ltr'>ipso</span> <span class='ocrx_word' id='word_1_12' title='bbox 971 378 1059 440; x_wconf 91' lang='lat' dir='ltr'>vallo</span> <span class='ocrx_word' id='word_1_13' title='bbox 1073 399 1151 441; x_wconf 91' lang='lat' dir='ltr'>con·</span> 
     </span>
     <span class='ocr_line' id='line_1_3' title="bbox 118 461 1150 548; baseline -0.001 -21"><span class='ocrx_word' id='word_1_14' title='bbox 118 465 321 548; x_wconf 78' lang='lat' dir='ltr'><strong>stipaverant</strong></span> <span class='ocrx_word' id='word_1_15' title='bbox 360 481 594 544; x_wconf 80' lang='lat' dir='ltr'>recessumque</span> <span class='ocrx_word' id='word_1_16' title='bbox 630 462 744 544; x_wconf 91' lang='lat' dir='ltr'>primis</span> <span class='ocrx_word' id='word_1_17' title='bbox 778 462 882 524; x_wconf 88' lang='lat' dir='ltr'>ultimi</span> <span class='ocrx_word' id='word_1_18' title='bbox 915 484 982 524; x_wconf 90' lang='lat' dir='ltr'>non</span> <span class='ocrx_word' id='word_1_19' title='bbox 1017 461 1150 527; x_wconf 84' lang='lat' dir='ltr'>dabant.</span> 
     </span>
    </p>
   </div>
   <div class='ocr_carea' id='block_1_3' title="bbox 107 545 1151 3945">
    <p class='ocr_par' dir='ltr' id='par_1_3' title="bbox 115 545 1151 1141">
     <span class='ocr_line' id='line_1_4' title="bbox 118 545 1150 631; baseline -0.003 -18"><span class='ocrx_word' id='word_1_20' title='bbox 118 547 275 613; x_wconf 77' lang='lat' dir='ltr'>&#39;Paulum</span> <span class='ocrx_word' id='word_1_21' title='bbox 310 546 442 631; x_wconf 87' lang='lat' dir='ltr'>quidem</span> <span class='ocrx_word' id='word_1_22' title='bbox 475 548 662 609; x_wconf 86' lang='lat' dir='ltr'>intermissa</span> <span class='ocrx_word' id='word_1_23' title='bbox 694 545 823 608; x_wconf 82' lang='lat' dir='ltr'>flamma</span> <span class='ocrx_word' id='word_1_24' title='bbox 851 555 884 609; x_wconf 91' lang='lat' dir='ltr'>et</span> <span class='ocrx_word' id='word_1_25' title='bbox 906 547 1052 629; x_wconf 89' lang='lat' dir='ltr'>quodam</span> <span class='ocrx_word' id='word_1_26' title='bbox 1073 548 1150 611; x_wconf 92' lang='lat' dir='ltr'>loco</span> 
     </span>
     <span class='ocr_line' id='line_1_5' title="bbox 115 631 1151 716; baseline -0.001 -19"><span class='ocrx_word' id='word_1_27' title='bbox 115 635 200 697; x_wconf 85' lang='lat' dir='ltr'>turri</span> <span class='ocrx_word' id='word_1_28' title='bbox 223 633 340 696; x_wconf 89' lang='lat' dir='ltr'>adacta</span> <span class='ocrx_word' id='word_1_29' title='bbox 363 641 396 695; x_wconf 94' lang='lat' dir='ltr'>et</span> <span class='ocrx_word' id='word_1_30' title='bbox 418 633 627 716; x_wconf 77' lang='lat' dir='ltr'>contingente</span> <span class='ocrx_word' id='word_1_31' title='bbox 648 631 770 693; x_wconf 85' lang='lat' dir='ltr'>vallum</span> <span class='ocrx_word' id='word_1_32' title='bbox 783 632 897 694; x_wconf 80' lang='lat' dir='ltr'>tertiae</span> <span class='ocrx_word' id='word_1_33' title='bbox 910 631 1058 695; x_wconf 81' lang='lat' dir='ltr'>cohortis</span> <span class='ocrx_word' id='word_1_34' title='bbox 1075 654 1151 696; x_wconf 90' lang='lat' dir='ltr'>cen·</span> 
     </span>
     <span class='ocr_line' id='line_1_6' title="bbox 116 716 1151 801; baseline -0.002 -18"><span class='ocrx_word' id='word_1_35' title='bbox 116 719 264 783; x_wconf 88' lang='lat' dir='ltr'>turiones</span> <span class='ocrx_word' id='word_1_36' title='bbox 289 740 330 781; x_wconf 86' lang='lat' dir='ltr'>ex</span> <span class='ocrx_word' id='word_1_37' title='bbox 353 739 403 792; x_wconf 90' lang='lat' dir='ltr'>eo,</span> <span class='ocrx_word' id='word_1_38' title='bbox 426 739 492 801; x_wconf 90' lang='lat' dir='ltr'>quo</span> <span class='ocrx_word' id='word_1_39' title='bbox 516 717 656 788; x_wconf 68' lang='lat' dir='ltr'>stabant,</span> <span class='ocrx_word' id='word_1_40' title='bbox 678 716 754 779; x_wconf 91' lang='lat' dir='ltr'>loco</span> <span class='ocrx_word' id='word_1_41' title='bbox 776 726 987 779; x_wconf 86' lang='lat' dir='ltr'>recesserunt</span> <span class='ocrx_word' id='word_1_42' title='bbox 1002 739 1151 801; x_wconf 84' lang='lat' dir='ltr'>suosque</span> 
     </span>
     <span class='ocr_line' id='line_1_7' title="bbox 117 801 1150 884; baseline -0.001 -17"><span class='ocrx_word' id='word_1_43' title='bbox 117 824 231 868; x_wconf 89' lang='lat' dir='ltr'>omnes</span> <span class='ocrx_word' id='word_1_44' title='bbox 253 812 472 876; x_wconf 86' lang='lat' dir='ltr'>removerunt,</span> <span class='ocrx_word' id='word_1_45' title='bbox 497 810 577 864; x_wconf 92' lang='lat' dir='ltr'>nutu</span> <span class='ocrx_word' id='word_1_46' title='bbox 592 802 798 884; x_wconf 80' lang='lat' dir='ltr'>vocibusque</span> <span class='ocrx_word' id='word_1_47' title='bbox 812 801 938 874; x_wconf 74' lang='lat' dir='ltr'>hostes</span> <span class='ocrx_word' id='word_1_48' title='bbox 962 803 991 864; x_wconf 91' lang='lat' dir='ltr'>si</span> <span class='ocrx_word' id='word_1_49' title='bbox 1013 803 1150 866; x_wconf 89' lang='lat' dir='ltr'>introire</span> 
     </span>
     <span class='ocr_line' id='line_1_8' title="bbox 116 887 1150 971; baseline -0.001 -19"><span class='ocrx_word' id='word_1_50' title='bbox 116 888 247 963; x_wconf 83' lang='lat' dir='ltr'>vellent,</span> <span class='ocrx_word' id='word_1_51' title='bbox 270 909 389 950; x_wconf 87' lang='lat' dir='ltr'>vocare</span> <span class='ocrx_word' id='word_1_52' title='bbox 412 895 607 970; x_wconf 76' lang='lat' dir='ltr'>coeperunt3</span> <span class='ocrx_word' id='word_1_53' title='bbox 631 908 772 970; x_wconf 88' lang='lat' dir='ltr'>quorum</span> <span class='ocrx_word' id='word_1_54' title='bbox 793 887 949 971; x_wconf 83' lang='lat' dir='ltr'>progredi</span> <span class='ocrx_word' id='word_1_55' title='bbox 972 908 1073 950; x_wconf 89' lang='lat' dir='ltr'>ausus</span> <span class='ocrx_word' id='word_1_56' title='bbox 1097 897 1150 951; x_wconf 87' lang='lat' dir='ltr'>est</span> 
     </span>
     <span class='ocr_line' id='line_1_9' title="bbox 115 970 1149 1056; baseline -0.001 -19"><span class='ocrx_word' id='word_1_57' title='bbox 115 994 220 1037; x_wconf 88' lang='lat' dir='ltr'>nemo.</span> <span class='ocrx_word' id='word_1_58' title='bbox 265 972 350 1035; x_wconf 88' lang='lat' dir='ltr'>Tum</span> <span class='ocrx_word' id='word_1_59' title='bbox 374 994 416 1035; x_wconf 84' lang='lat' dir='ltr'>ex</span> <span class='ocrx_word' id='word_1_60' title='bbox 439 972 526 1034; x_wconf 92' lang='lat' dir='ltr'>omni</span> <span class='ocrx_word' id='word_1_61' title='bbox 548 981 642 1054; x_wconf 89' lang='lat' dir='ltr'>parte</span> <span class='ocrx_word' id='word_1_62' title='bbox 664 970 829 1055; x_wconf 81' lang='lat' dir='ltr'>lapidibus</span> <span class='ocrx_word' id='word_1_63' title='bbox 854 972 1013 1056; x_wconf 85' lang='lat' dir='ltr'>conjectis</span> <span class='ocrx_word' id='word_1_64' title='bbox 1037 972 1149 1036; x_wconf 92' lang='lat' dir='ltr'>detur-</span> 
     </span>
     <span class='ocr_line' id='line_1_10' title="bbox 115 1057 666 1141; baseline -0.009 -19"><span class='ocrx_word' id='word_1_65' title='bbox 115 1058 193 1132; x_wconf 88' lang='lat' dir='ltr'>bati,</span> <span class='ocrx_word' id='word_1_66' title='bbox 216 1057 402 1141; x_wconf 70' lang='lat' dir='ltr'>⁷turrisque</span> <span class='ocrx_word' id='word_1_67' title='bbox 425 1076 585 1119; x_wconf 90' lang='lat' dir='ltr'>succensa</span> <span class='ocrx_word' id='word_1_68' title='bbox 607 1065 666 1118; x_wconf 87' lang='lat' dir='ltr'>est.</span> 
     </span>
    </p>

    <p class='ocr_par' dir='ltr' id='par_1_4' title="bbox 107 1138 1149 3834">
     <span class='ocr_line' id='line_1_11' title="bbox 159 1138 1149 1224; baseline 0 -18"><span class='ocrx_word' id='word_1_69' title='bbox 159 1143 209 1206; x_wconf 84' lang='grc'>44.</span> <span class='ocrx_word' id='word_1_70' title='bbox 254 1142 379 1205; x_wconf 82' lang='lat' dir='ltr'>¹Erant</span> <span class='ocrx_word' id='word_1_71' title='bbox 400 1142 434 1204; x_wconf 90' lang='lat' dir='ltr'>in</span> <span class='ocrx_word' id='word_1_72' title='bbox 457 1163 495 1204; x_wconf 91' lang='lat' dir='ltr'>ea</span> <span class='ocrx_word' id='word_1_73' title='bbox 517 1141 647 1224; x_wconf 84' lang='lat' dir='ltr'>legione</span> <span class='ocrx_word' id='word_1_74' title='bbox 668 1138 839 1203; x_wconf 83' lang='lat' dir='ltr'>fortissimi</span> <span class='ocrx_word' id='word_1_75' title='bbox 851 1141 912 1203; x_wconf 91' lang='lat' dir='ltr'>viri</span> <span class='ocrx_word' id='word_1_76' title='bbox 928 1142 1149 1219; x_wconf 83' lang='lat' dir='ltr'>centuriones,</span> 
     </span>
     <span class='ocr_line' id='line_1_12' title="bbox 116 1225 1148 1312; baseline 0.001 -22"><span class='ocrx_word' id='word_1_77' title='bbox 116 1229 172 1311; x_wconf 93' lang='lat' dir='ltr'>qui</span> <span class='ocrx_word' id='word_1_78' title='bbox 190 1228 258 1312; x_wconf 82' lang='lat' dir='ltr'>jam</span> <span class='ocrx_word' id='word_1_79' title='bbox 292 1228 404 1311; x_wconf 89' lang='lat' dir='ltr'>primis</span> <span class='ocrx_word' id='word_1_80' title='bbox 440 1225 611 1289; x_wconf 88' lang='lat' dir='ltr'>ordinibus</span> <span class='ocrx_word' id='word_1_81' title='bbox 646 1226 958 1309; x_wconf 84' lang='lat' dir='ltr'>appropinquarent,</span> <span class='ocrx_word' id='word_1_82' title='bbox 985 1227 1024 1290; x_wconf 88' lang='lat' dir='ltr'>T.</span> <span class='ocrx_word' id='word_1_83' title='bbox 1047 1227 1148 1292; x_wconf 89' lang='lat' dir='ltr'>Pullo</span> 
     </span>
     <span class='ocr_line' id='line_1_13' title="bbox 115 1311 1148 1394; baseline 0.001 -19"><span class='ocrx_word' id='word_1_84' title='bbox 115 1320 150 1375; x_wconf 86' lang='lat' dir='ltr'>et</span> <span class='ocrx_word' id='word_1_85' title='bbox 171 1312 207 1374; x_wconf 88' lang='lat' dir='ltr'>L.</span> <span class='ocrx_word' id='word_1_86' title='bbox 232 1312 395 1375; x_wconf 90' lang='lat' dir='ltr'>Vorenus.</span> <span class='ocrx_word' id='word_1_87' title='bbox 441 1311 484 1373; x_wconf 92' lang='lat' dir='ltr'>Hi</span> <span class='ocrx_word' id='word_1_88' title='bbox 507 1318 685 1394; x_wconf 84' lang='lat' dir='ltr'>perpetuas</span> <span class='ocrx_word' id='word_1_89' title='bbox 714 1313 958 1375; x_wconf 90' lang='lat' dir='ltr'>controversias</span> <span class='ocrx_word' id='word_1_90' title='bbox 992 1313 1077 1375; x_wconf 90' lang='lat' dir='ltr'>inter</span> <span class='ocrx_word' id='word_1_91' title='bbox 1110 1335 1148 1377; x_wconf 89' lang='lat' dir='ltr'>se</span> 
     </span>
     <span class='ocr_line' id='line_1_14' title="bbox 114 1394 1149 1479; baseline 0.001 -19"><span class='ocrx_word' id='word_1_92' title='bbox 114 1395 291 1470; x_wconf 88' lang='lat' dir='ltr'>habebant,</span> <span class='ocrx_word' id='word_1_93' title='bbox 315 1397 444 1479; x_wconf 87' lang='lat' dir='ltr'>quinam</span> <span class='ocrx_word' id='word_1_94' title='bbox 468 1394 694 1468; x_wconf 84' lang='lat' dir='ltr'>anteferretur,</span> <span class='ocrx_word' id='word_1_95' title='bbox 716 1395 887 1460; x_wconf 76' lang='lat' dir='ltr'>³0mnibus</span> <span class='ocrx_word' id='word_1_96' title='bbox 913 1419 954 1460; x_wconf 89' lang='lat' dir='ltr'>ue</span> <span class='ocrx_word' id='word_1_97' title='bbox 977 1398 1070 1460; x_wconf 90' lang='lat' dir='ltr'>annis</span> <span class='ocrx_word' id='word_1_98' title='bbox 1105 1397 1149 1461; x_wconf 87' lang='lat' dir='ltr'>de</span> 
     </span>
     <span class='ocr_line' id='line_1_15' title="bbox 113 1479 1147 1558; baseline 0.001 -14"><span class='ocrx_word' id='word_1_99' title='bbox 113 1481 197 1544; x_wconf 90' lang='lat' dir='ltr'>locis</span> <span class='ocrx_word' id='word_1_100' title='bbox 211 1483 345 1544; x_wconf 87' lang='lat' dir='ltr'>summis</span> <span class='ocrx_word' id='word_1_101' title='bbox 362 1481 583 1544; x_wconf 82' lang='lat' dir='ltr'>simultatibus</span> <span class='ocrx_word' id='word_1_102' title='bbox 607 1479 858 1545; x_wconf 88' lang='lat' dir='ltr'>contendebant.</span> <span class='ocrx_word' id='word_1_103' title='bbox 925 1504 948 1543; x_wconf 86' lang='lat' dir='ltr'><strong>x</strong></span> <span class='ocrx_word' id='word_1_104' title='bbox 970 1481 1022 1544; x_wconf 90' lang='lat' dir='ltr'>his</span> <span class='ocrx_word' id='word_1_105' title='bbox 1038 1481 1147 1558; x_wconf 89' lang='lat' dir='ltr'>Pullo,</span> 
     </span>
     <span class='ocr_line' id='line_1_16' title="bbox 114 1566 1147 1650; baseline 0.001 -21"><span class='ocrx_word' id='word_1_106' title='bbox 114 1586 216 1650; x_wconf 90' lang='lat' dir='ltr'>quum</span> <span class='ocrx_word' id='word_1_107' title='bbox 238 1566 393 1630; x_wconf 84' lang='lat' dir='ltr'>acerrime</span> <span class='ocrx_word' id='word_1_108' title='bbox 417 1566 460 1629; x_wconf 90' lang='lat' dir='ltr'>ad</span> <span class='ocrx_word' id='word_1_109' title='bbox 482 1566 679 1628; x_wconf 87' lang='lat' dir='ltr'>munitiones</span> <span class='ocrx_word' id='word_1_110' title='bbox 702 1576 913 1650; x_wconf 81' lang='lat' dir='ltr'>pugnaretur,</span> <span class='ocrx_word' id='word_1_111' title='bbox 949 1566 1033 1645; x_wconf 80' lang='lat' dir='ltr'>Quid</span> <span class='ocrx_word' id='word_1_112' title='bbox 1058 1568 1147 1631; x_wconf 78' lang='lat' dir='ltr'>dubi·</span> 
     </span>
     <span class='ocr_line' id='line_1_17' title="bbox 113 1649 1146 1737; baseline 0 -22"><span class='ocrx_word' id='word_1_113' title='bbox 113 1657 168 1732; x_wconf 78' lang='lat' dir='ltr'>tos,</span> <span class='ocrx_word' id='word_1_114' title='bbox 190 1653 306 1736; x_wconf 86' lang='lat' dir='ltr'>inquit,</span> <span class='ocrx_word' id='word_1_115' title='bbox 337 1649 472 1715; x_wconf 73' lang='lat' dir='ltr'>Vorene?</span> <span class='ocrx_word' id='word_1_116' title='bbox 494 1662 548 1714; x_wconf 82' lang='lat' dir='ltr'>aot</span> <span class='ocrx_word' id='word_1_117' title='bbox 568 1673 656 1737; x_wconf 72' lang='lat' dir='ltr'>prtem</span> <span class='ocrx_word' id='word_1_118' title='bbox 677 1651 776 1712; x_wconf 80' lang='lat' dir='ltr'>locum</span> <span class='ocrx_word' id='word_1_119' title='bbox 797 1661 868 1714; x_wconf 77' lang='lat' dir='ltr'>tuae</span> <span class='ocrx_word' id='word_1_120' title='bbox 883 1652 1070 1735; x_wconf 80' lang='lat' dir='ltr'>probandae</span> <span class='ocrx_word' id='word_1_121' title='bbox 1083 1655 1146 1715; x_wconf 80' lang='lat' dir='ltr'>vir-</span> 
     </span>
     <span class='ocr_line' id='line_1_18' title="bbox 113 1735 1145 1822; baseline 0 -21"><span class='ocrx_word' id='word_1_122' title='bbox 113 1739 183 1801; x_wconf 77' lang='lat' dir='ltr'>tutis</span> <span class='ocrx_word' id='word_1_123' title='bbox 204 1735 341 1822; x_wconf 72' lang='lat' dir='ltr'>spectas?</span> <span class='ocrx_word' id='word_1_124' title='bbox 373 1737 436 1801; x_wconf 80' lang='lat' dir='ltr'>Hic</span> <span class='ocrx_word' id='word_1_125' title='bbox 457 1737 522 1800; x_wconf 78' lang='lat' dir='ltr'>dies</span> <span class='ocrx_word' id='word_1_126' title='bbox 543 1735 580 1797; x_wconf 87' lang='lat' dir='ltr'>de</span> <span class='ocrx_word' id='word_1_127' title='bbox 605 1737 715 1797; x_wconf 79' lang='lat' dir='ltr'>nostris</span> <span class='ocrx_word' id='word_1_128' title='bbox 748 1739 958 1799; x_wconf 71' lang='lat' dir='ltr'>coiurooersiis</span> <span class='ocrx_word' id='word_1_129' title='bbox 982 1738 1145 1818; x_wconf 71' lang='lat' dir='ltr'>judicabit.</span> 
     </span>
     <span class='ocr_line' id='line_1_19' title="bbox 113 1819 1146 1906; baseline 0 -21"><span class='ocrx_word' id='word_1_130' title='bbox 113 1820 206 1886; x_wconf 89' lang='lat' dir='ltr'>Haec</span> <span class='ocrx_word' id='word_1_131' title='bbox 229 1844 329 1906; x_wconf 91' lang='lat' dir='ltr'>quum</span> <span class='ocrx_word' id='word_1_132' title='bbox 353 1821 502 1895; x_wconf 84' lang='lat' dir='ltr'>dixisset,</span> <span class='ocrx_word' id='word_1_133' title='bbox 523 1819 677 1904; x_wconf 86' lang='lat' dir='ltr'>procedit</span> <span class='ocrx_word' id='word_1_134' title='bbox 700 1830 793 1883; x_wconf 82' lang='lat' dir='ltr'>extra</span> <span class='ocrx_word' id='word_1_135' title='bbox 814 1823 1022 1896; x_wconf 90' lang='lat' dir='ltr'>munitiones,</span> <span class='ocrx_word' id='word_1_136' title='bbox 1045 1844 1146 1905; x_wconf 88' lang='lat' dir='ltr'>quae·</span> 
     </span>
     <span class='ocr_line' id='line_1_20' title="bbox 114 1904 1145 1991; baseline 0.002 -23"><span class='ocrx_word' id='word_1_137' title='bbox 114 1926 179 1988; x_wconf 86' lang='lat' dir='ltr'>que</span> <span class='ocrx_word' id='word_1_138' title='bbox 212 1929 290 1990; x_wconf 86' lang='lat' dir='ltr'>pars</span> <span class='ocrx_word' id='word_1_139' title='bbox 324 1906 469 1970; x_wconf 88' lang='lat' dir='ltr'>hostium</span> <span class='ocrx_word' id='word_1_140' title='bbox 502 1904 745 1969; x_wconf 84' lang='lat' dir='ltr'>confertissima</span> <span class='ocrx_word' id='word_1_141' title='bbox 777 1915 829 1968; x_wconf 88' lang='lat' dir='ltr'>est</span> <span class='ocrx_word' id='word_1_142' title='bbox 862 1907 948 1981; x_wconf 88' lang='lat' dir='ltr'>visa,</span> <span class='ocrx_word' id='word_1_143' title='bbox 985 1908 1145 1991; x_wconf 89' lang='lat' dir='ltr'>irrumpit.</span> 
     </span>
     <span class='ocr_line' id='line_1_21' title="bbox 112 1990 1145 2075; baseline -0.001 -19"><span class='ocrx_word' id='word_1_144' title='bbox 112 1991 184 2056; x_wconf 71' lang='lat' dir='ltr'>⁴Ne</span> <span class='ocrx_word' id='word_1_145' title='bbox 205 1992 360 2055; x_wconf 89' lang='lat' dir='ltr'>Vorenus</span> <span class='ocrx_word' id='word_1_146' title='bbox 396 1991 527 2075; x_wconf 92' lang='lat' dir='ltr'>quidem</span> <span class='ocrx_word' id='word_1_147' title='bbox 561 1999 630 2052; x_wconf 91' lang='lat' dir='ltr'>tum</span> <span class='ocrx_word' id='word_1_148' title='bbox 663 1990 753 2052; x_wconf 89' lang='lat' dir='ltr'>vallo</span> <span class='ocrx_word' id='word_1_149' title='bbox 786 2012 861 2054; x_wconf 86' lang='lat' dir='ltr'>sese</span> <span class='ocrx_word' id='word_1_150' title='bbox 895 1992 1048 2065; x_wconf 88' lang='lat' dir='ltr'>continet,</span> <span class='ocrx_word' id='word_1_151' title='bbox 1083 1991 1145 2056; x_wconf 89' lang='lat' dir='ltr'>sed</span> 
     </span>
     <span class='ocr_line' id='line_1_22' title="bbox 113 2076 1144 2159; baseline -0.001 -19"><span class='ocrx_word' id='word_1_152' title='bbox 113 2076 256 2140; x_wconf 87' lang='lat' dir='ltr'>omnium</span> <span class='ocrx_word' id='word_1_153' title='bbox 279 2077 404 2139; x_wconf 87' lang='lat' dir='ltr'>veritus</span> <span class='ocrx_word' id='word_1_154' title='bbox 434 2076 706 2140; x_wconf 88' lang='lat' dir='ltr'>existimationem</span> <span class='ocrx_word' id='word_1_155' title='bbox 729 2076 951 2159; x_wconf 87' lang='lat' dir='ltr'>subsequitur.</span> <span class='ocrx_word' id='word_1_156' title='bbox 996 2076 1144 2140; x_wconf 78' lang='lat' dir='ltr'>⁵Medi0-</span> 
     </span>
     <span class='ocr_line' id='line_1_23' title="bbox 112 2159 1144 2244; baseline 0.001 -19"><span class='ocrx_word' id='word_1_157' title='bbox 112 2162 159 2225; x_wconf 90' lang='lat' dir='ltr'>cri</span> <span class='ocrx_word' id='word_1_158' title='bbox 182 2162 292 2244; x_wconf 90' lang='lat' dir='ltr'>spatio</span> <span class='ocrx_word' id='word_1_159' title='bbox 313 2161 429 2224; x_wconf 90' lang='lat' dir='ltr'>relicto</span> <span class='ocrx_word' id='word_1_160' title='bbox 451 2160 549 2224; x_wconf 91' lang='lat' dir='ltr'>Pullo</span> <span class='ocrx_word' id='word_1_161' title='bbox 574 2160 676 2243; x_wconf 92' lang='lat' dir='ltr'>pilum</span> <span class='ocrx_word' id='word_1_162' title='bbox 704 2159 737 2222; x_wconf 89' lang='lat' dir='ltr'>in</span> <span class='ocrx_word' id='word_1_163' title='bbox 771 2160 888 2223; x_wconf 90' lang='lat' dir='ltr'>hostes</span> <span class='ocrx_word' id='word_1_164' title='bbox 921 2161 1063 2224; x_wconf 89' lang='lat' dir='ltr'>immittit</span> <span class='ocrx_word' id='word_1_165' title='bbox 1096 2171 1144 2226; x_wconf 90' lang='lat' dir='ltr'>at·</span> 
     </span>
     <span class='ocr_line' id='line_1_24' title="bbox 112 2245 1143 2331; baseline 0.001 -22"><span class='ocrx_word' id='word_1_166' title='bbox 112 2267 177 2331; x_wconf 88' lang='lat' dir='ltr'>que</span> <span class='ocrx_word' id='word_1_167' title='bbox 199 2269 299 2310; x_wconf 91' lang='lat' dir='ltr'>unum</span> <span class='ocrx_word' id='word_1_168' title='bbox 322 2268 363 2308; x_wconf 84' lang='lat' dir='ltr'>ex</span> <span class='ocrx_word' id='word_1_169' title='bbox 385 2245 592 2309; x_wconf 90' lang='lat' dir='ltr'>multitudine</span> <span class='ocrx_word' id='word_1_170' title='bbox 614 2255 861 2328; x_wconf 85' lang='lat' dir='ltr'>procurrentem</span> <span class='ocrx_word' id='word_1_171' title='bbox 890 2247 1025 2330; x_wconf 74' lang='lat' dir='ltr'>trajicit3</span> <span class='ocrx_word' id='word_1_172' title='bbox 1055 2245 1143 2329; x_wconf 72' lang='lat' dir='ltr'>⁰quo</span> 
     </span>
     <span class='ocr_line' id='line_1_25' title="bbox 110 2330 1143 2416; baseline -0.001 -21"><span class='ocrx_word' id='word_1_173' title='bbox 110 2351 273 2416; x_wconf 87' lang='lat' dir='ltr'>percusso</span> <span class='ocrx_word' id='word_1_174' title='bbox 298 2341 330 2395; x_wconf 92' lang='lat' dir='ltr'>et</span> <span class='ocrx_word' id='word_1_175' title='bbox 353 2332 539 2394; x_wconf 86' lang='lat' dir='ltr'>exanimato</span> <span class='ocrx_word' id='word_1_176' title='bbox 559 2330 648 2393; x_wconf 90' lang='lat' dir='ltr'>hunc</span> <span class='ocrx_word' id='word_1_177' title='bbox 680 2332 784 2393; x_wconf 88' lang='lat' dir='ltr'>scutis</span> <span class='ocrx_word' id='word_1_178' title='bbox 807 2338 994 2416; x_wconf 82' lang='lat' dir='ltr'>protegunt,</span> <span class='ocrx_word' id='word_1_179' title='bbox 1027 2332 1060 2393; x_wconf 93' lang='lat' dir='ltr'>in</span> <span class='ocrx_word' id='word_1_180' title='bbox 1083 2332 1143 2395; x_wconf 94' lang='lat' dir='ltr'>ho-</span> 
     </span>
     <span class='ocr_line' id='line_1_26' title="bbox 112 2415 1143 2501; baseline 0.001 -22"><span class='ocrx_word' id='word_1_181' title='bbox 112 2425 197 2479; x_wconf 91' lang='lat' dir='ltr'>stem</span> <span class='ocrx_word' id='word_1_182' title='bbox 217 2417 284 2479; x_wconf 90' lang='lat' dir='ltr'>tela</span> <span class='ocrx_word' id='word_1_183' title='bbox 306 2417 449 2479; x_wconf 89' lang='lat' dir='ltr'>universi</span> <span class='ocrx_word' id='word_1_184' title='bbox 473 2416 650 2500; x_wconf 80' lang='lat' dir='ltr'>conjiciunt</span> <span class='ocrx_word' id='word_1_185' title='bbox 682 2434 790 2497; x_wconf 89' lang='lat' dir='ltr'>neque</span> <span class='ocrx_word' id='word_1_186' title='bbox 823 2415 903 2479; x_wconf 88' lang='lat' dir='ltr'>dant</span> <span class='ocrx_word' id='word_1_187' title='bbox 934 2416 1143 2501; x_wconf 82' lang='lat' dir='ltr'>regrediendi</span> 
     </span>
     <span class='ocr_line' id='line_1_27' title="bbox 109 2499 1142 2584; baseline 0 -20"><span class='ocrx_word' id='word_1_188' title='bbox 109 2499 307 2564; x_wconf 79' lang='lat' dir='ltr'>facultatem.</span> <span class='ocrx_word' id='word_1_189' title='bbox 353 2500 593 2584; x_wconf 64' lang='lat' dir='ltr'>&#39;Transfigitur</span> <span class='ocrx_word' id='word_1_190' title='bbox 615 2508 744 2562; x_wconf 89' lang='lat' dir='ltr'>scutum</span> <span class='ocrx_word' id='word_1_191' title='bbox 777 2500 909 2563; x_wconf 91' lang='lat' dir='ltr'>Pulloni</span> <span class='ocrx_word' id='word_1_192' title='bbox 936 2511 969 2564; x_wconf 90' lang='lat' dir='ltr'>et</span> <span class='ocrx_word' id='word_1_193' title='bbox 991 2511 1142 2565; x_wconf 90' lang='lat' dir='ltr'>verutum</span> 
     </span>
     <span class='ocr_line' id='line_1_28' title="bbox 110 2585 1142 2672; baseline 0.002 -24"><span class='ocrx_word' id='word_1_194' title='bbox 110 2585 144 2649; x_wconf 90' lang='lat' dir='ltr'>in</span> <span class='ocrx_word' id='word_1_195' title='bbox 166 2586 278 2649; x_wconf 90' lang='lat' dir='ltr'>balteo</span> <span class='ocrx_word' id='word_1_196' title='bbox 302 2585 463 2670; x_wconf 84' lang='lat' dir='ltr'>defigitur.</span> <span class='ocrx_word' id='word_1_197' title='bbox 507 2585 637 2648; x_wconf 84' lang='lat' dir='ltr'>Avertit</span> <span class='ocrx_word' id='word_1_198' title='bbox 659 2585 713 2648; x_wconf 93' lang='lat' dir='ltr'>hic</span> <span class='ocrx_word' id='word_1_199' title='bbox 736 2607 833 2648; x_wconf 89' lang='lat' dir='ltr'>casus</span> <span class='ocrx_word' id='word_1_200' title='bbox 857 2587 1005 2670; x_wconf 80' lang='lat' dir='ltr'>vaginam</span> <span class='ocrx_word' id='word_1_201' title='bbox 1030 2597 1062 2650; x_wconf 89' lang='lat' dir='ltr'>et</span> <span class='ocrx_word' id='word_1_202' title='bbox 1073 2587 1142 2672; x_wconf 87' lang='lat' dir='ltr'>gla-</span> 
     </span>
     <span class='ocr_line' id='line_1_29' title="bbox 112 2668 1142 2755; baseline 0.002 -23"><span class='ocrx_word' id='word_1_203' title='bbox 112 2668 201 2732; x_wconf 90' lang='lat' dir='ltr'>dium</span> <span class='ocrx_word' id='word_1_204' title='bbox 224 2670 364 2733; x_wconf 89' lang='lat' dir='ltr'>educere</span> <span class='ocrx_word' id='word_1_205' title='bbox 388 2671 518 2733; x_wconf 84' lang='lat' dir='ltr'>conanti</span> <span class='ocrx_word' id='word_1_206' title='bbox 541 2669 691 2732; x_wconf 87' lang='lat' dir='ltr'>dextram</span> <span class='ocrx_word' id='word_1_207' title='bbox 717 2681 862 2733; x_wconf 81' lang='lat' dir='ltr'>moratur</span> <span class='ocrx_word' id='word_1_208' title='bbox 881 2692 1017 2741; x_wconf 84' lang='lat' dir='ltr'>manum,</span> <span class='ocrx_word' id='word_1_209' title='bbox 1039 2673 1142 2755; x_wconf 91' lang='lat' dir='ltr'>impe·</span> 
     </span>
     <span class='ocr_line' id='line_1_30' title="bbox 112 2753 1142 2838; baseline 0.001 -20"><span class='ocrx_word' id='word_1_210' title='bbox 112 2753 282 2838; x_wconf 88' lang='lat' dir='ltr'>ditumque</span> <span class='ocrx_word' id='word_1_211' title='bbox 304 2755 420 2817; x_wconf 87' lang='lat' dir='ltr'>hostes</span> <span class='ocrx_word' id='word_1_212' title='bbox 444 2755 697 2818; x_wconf 87' lang='lat' dir='ltr'>circumsistunt</span> <span class='ocrx_word' id='word_1_213' title='bbox 742 2755 912 2818; x_wconf 82' lang='lat' dir='ltr'>Succurrit</span> <span class='ocrx_word' id='word_1_214' title='bbox 934 2757 1083 2819; x_wconf 90' lang='lat' dir='ltr'>inimicus</span> <span class='ocrx_word' id='word_1_215' title='bbox 1093 2757 1142 2820; x_wconf 93' lang='lat' dir='ltr'>illi</span> 
     </span>
     <span class='ocr_line' id='line_1_31' title="bbox 110 2837 1142 2904; baseline 0.002 -2"><span class='ocrx_word' id='word_1_216' title='bbox 110 2837 266 2902; x_wconf 90' lang='lat' dir='ltr'>Vorenus</span> <span class='ocrx_word' id='word_1_217' title='bbox 282 2849 315 2902; x_wconf 84' lang='lat' dir='ltr'>et</span> <span class='ocrx_word' id='word_1_218' title='bbox 329 2840 491 2902; x_wconf 87' lang='lat' dir='ltr'>laboranti</span> <span class='ocrx_word' id='word_1_219' title='bbox 515 2840 675 2902; x_wconf 86' lang='lat' dir='ltr'>subvenit.</span> <span class='ocrx_word' id='word_1_220' title='bbox 721 2840 775 2902; x_wconf 86' lang='lat' dir='ltr'>Ad</span> <span class='ocrx_word' id='word_1_221' title='bbox 798 2840 885 2903; x_wconf 87' lang='lat' dir='ltr'>lmne</span> <span class='ocrx_word' id='word_1_222' title='bbox 909 2863 944 2903; x_wconf 92' lang='lat' dir='ltr'>se</span> <span class='ocrx_word' id='word_1_223' title='bbox 968 2839 1142 2904; x_wconf 83' lang='lat' dir='ltr'>confestim</span> 
     </span>
     <span class='ocr_line' id='line_1_32' title="bbox 110 2923 1143 3010; baseline 0.004 -24"><span class='ocrx_word' id='word_1_224' title='bbox 110 2943 132 2986; x_wconf 84' lang='lat' dir='ltr'>a</span> <span class='ocrx_word' id='word_1_225' title='bbox 151 2923 293 2986; x_wconf 90' lang='lat' dir='ltr'>Pullone</span> <span class='ocrx_word' id='word_1_226' title='bbox 326 2926 430 2987; x_wconf 88' lang='lat' dir='ltr'>omnis</span> <span class='ocrx_word' id='word_1_227' title='bbox 464 2923 640 2987; x_wconf 89' lang='lat' dir='ltr'>multitudo</span> <span class='ocrx_word' id='word_1_228' title='bbox 674 2927 844 2988; x_wconf 91' lang='lat' dir='ltr'>convertit.</span> <span class='ocrx_word' id='word_1_229' title='bbox 900 2926 1027 3010; x_wconf 78' lang='lat' dir='ltr'>[⁸lllinc</span> <span class='ocrx_word' id='word_1_230' title='bbox 1060 2947 1143 2990; x_wconf 87' lang='lat' dir='ltr'>vero</span> 
     </span>
     <span class='ocr_line' id='line_1_33' title="bbox 111 3007 1142 3096; baseline 0.002 -24"><span class='ocrx_word' id='word_1_231' title='bbox 111 3011 288 3073; x_wconf 84' lang='lat' dir='ltr'>occursant</span> <span class='ocrx_word' id='word_1_232' title='bbox 319 3008 546 3091; x_wconf 69' lang='lat' dir='ltr'>velocissime}</span> <span class='ocrx_word' id='word_1_233' title='bbox 592 3007 713 3072; x_wconf 86' lang='lat' dir='ltr'>Gladio</span> <span class='ocrx_word' id='word_1_234' title='bbox 742 3011 922 3073; x_wconf 86' lang='lat' dir='ltr'>comminus</span> <span class='ocrx_word' id='word_1_235' title='bbox 956 3031 1025 3072; x_wconf 90' lang='lat' dir='ltr'>rem</span> <span class='ocrx_word' id='word_1_236' title='bbox 1057 3012 1142 3096; x_wconf 83' lang='lat' dir='ltr'>gerit</span> 
     </span>
     <span class='ocr_line' id='line_1_34' title="bbox 109 3091 1141 3180; baseline 0.003 -24"><span class='ocrx_word' id='word_1_237' title='bbox 109 3091 265 3156; x_wconf 87' lang='lat' dir='ltr'>Vorenus</span> <span class='ocrx_word' id='word_1_238' title='bbox 298 3103 399 3176; x_wconf 88' lang='lat' dir='ltr'>atque</span> <span class='ocrx_word' id='word_1_239' title='bbox 429 3115 495 3156; x_wconf 90' lang='lat' dir='ltr'>uno</span> <span class='ocrx_word' id='word_1_240' title='bbox 528 3092 700 3157; x_wconf 88' lang='lat' dir='ltr'>interfecto</span> <span class='ocrx_word' id='word_1_241' title='bbox 737 3095 885 3178; x_wconf 87' lang='lat' dir='ltr'>reliquos</span> <span class='ocrx_word' id='word_1_242' title='bbox 908 3096 1041 3178; x_wconf 86' lang='lat' dir='ltr'>paulum</span> <span class='ocrx_word' id='word_1_243' title='bbox 1063 3119 1141 3180; x_wconf 93' lang='lat' dir='ltr'>pro-</span> 
     </span>
     <span class='ocr_line' id='line_1_35' title="bbox 109 3177 1142 3263; baseline 0.005 -24"><span class='ocrx_word' id='word_1_244' title='bbox 109 3177 217 3261; x_wconf 81' lang='lat' dir='ltr'>pellit3</span> <span class='ocrx_word' id='word_1_245' title='bbox 253 3177 331 3240; x_wconf 88' lang='lat' dir='ltr'>dum</span> <span class='ocrx_word' id='word_1_246' title='bbox 367 3178 519 3261; x_wconf 89' lang='lat' dir='ltr'>cupidius</span> <span class='ocrx_word' id='word_1_247' title='bbox 552 3179 663 3253; x_wconf 87' lang='lat' dir='ltr'>instat,</span> <span class='ocrx_word' id='word_1_248' title='bbox 696 3178 880 3242; x_wconf 70' lang='lat' dir='ltr'>”inlocum</span> <span class='ocrx_word' id='word_1_249' title='bbox 915 3180 1064 3263; x_wconf 88' lang='lat' dir='ltr'>dejectus</span> <span class='ocrx_word' id='word_1_250' title='bbox 1092 3182 1142 3245; x_wconf 89' lang='lat' dir='ltr'>in·</span> 
     </span>
     <span class='ocr_line' id='line_1_36' title="bbox 107 3261 1141 3331; baseline 0.005 -6"><span class='ocrx_word' id='word_1_251' title='bbox 107 3261 260 3326; x_wconf 80' lang='lat' dir='ltr'>seriorem</span> <span class='ocrx_word' id='word_1_252' title='bbox 284 3263 436 3326; x_wconf 86' lang='lat' dir='ltr'>concidit.</span> <span class='ocrx_word' id='word_1_253' title='bbox 482 3263 568 3326; x_wconf 90' lang='lat' dir='ltr'>Huic</span> <span class='ocrx_word' id='word_1_254' title='bbox 590 3284 706 3326; x_wconf 85' lang='lat' dir='ltr'>rursus</span> <span class='ocrx_word' id='word_1_255' title='bbox 729 3263 950 3327; x_wconf 88' lang='lat' dir='ltr'>circumvento</span> <span class='ocrx_word' id='word_1_256' title='bbox 977 3263 1041 3328; x_wconf 85' lang='lat' dir='ltr'>fert</span> <span class='ocrx_word' id='word_1_257' title='bbox 1063 3269 1141 3331; x_wconf 87' lang='lat' dir='ltr'>sub-</span> 
     </span>
     <span class='ocr_line' id='line_1_37' title="bbox 109 3346 1141 3433; baseline 0.004 -23"><span class='ocrx_word' id='word_1_258' title='bbox 109 3346 228 3410; x_wconf 86' lang='lat' dir='ltr'>sidium</span> <span class='ocrx_word' id='word_1_259' title='bbox 250 3348 358 3421; x_wconf 89' lang='lat' dir='ltr'>Pull0‚</span> <span class='ocrx_word' id='word_1_260' title='bbox 381 3356 481 3430; x_wconf 87' lang='lat' dir='ltr'>atque</span> <span class='ocrx_word' id='word_1_261' title='bbox 504 3348 600 3410; x_wconf 87' lang='lat' dir='ltr'>ambo</span> <span class='ocrx_word' id='word_1_262' title='bbox 623 3347 803 3411; x_wconf 91' lang='lat' dir='ltr'>incolumes</span> <span class='ocrx_word' id='word_1_263' title='bbox 832 3351 1058 3433; x_wconf 84' lang='lat' dir='ltr'>compluribus</span> <span class='ocrx_word' id='word_1_264' title='bbox 1092 3351 1141 3414; x_wconf 88' lang='lat' dir='ltr'>in·</span> 
     </span>
     <span class='ocr_line' id='line_1_38' title="bbox 108 3431 1141 3498; baseline 0.004 -4"><span class='ocrx_word' id='word_1_265' title='bbox 108 3431 256 3495; x_wconf 87' lang='lat' dir='ltr'>terfectis</span> <span class='ocrx_word' id='word_1_266' title='bbox 280 3455 405 3495; x_wconf 88' lang='lat' dir='ltr'>summa</span> <span class='ocrx_word' id='word_1_267' title='bbox 428 3455 501 3495; x_wconf 92' lang='lat' dir='ltr'>cum</span> <span class='ocrx_word' id='word_1_268' title='bbox 526 3431 624 3495; x_wconf 85' lang='lat' dir='ltr'>laude</span> <span class='ocrx_word' id='word_1_269' title='bbox 646 3453 721 3496; x_wconf 89' lang='lat' dir='ltr'>sese</span> <span class='ocrx_word' id='word_1_270' title='bbox 743 3435 829 3496; x_wconf 86' lang='lat' dir='ltr'>intra</span> <span class='ocrx_word' id='word_1_271' title='bbox 840 3435 1035 3497; x_wconf 87' lang='lat' dir='ltr'>munitiones</span> <span class='ocrx_word' id='word_1_272' title='bbox 1059 3436 1141 3498; x_wconf 89' lang='lat' dir='ltr'>reci-</span> 
     </span>
     <span class='ocr_line' id='line_1_39' title="bbox 108 3516 1140 3600; baseline 0.005 -22"><span class='ocrx_word' id='word_1_273' title='bbox 108 3517 211 3600; x_wconf 91' lang='lat' dir='ltr'>piunt.</span> <span class='ocrx_word' id='word_1_274' title='bbox 256 3516 346 3580; x_wconf 84' lang='lat' dir='ltr'>1⁰Sic</span> <span class='ocrx_word' id='word_1_275' title='bbox 368 3516 503 3581; x_wconf 84' lang='lat' dir='ltr'>fortuna</span> <span class='ocrx_word' id='word_1_276' title='bbox 513 3517 546 3580; x_wconf 93' lang='lat' dir='ltr'>in</span> <span class='ocrx_word' id='word_1_277' title='bbox 558 3519 768 3581; x_wconf 85' lang='lat' dir='ltr'>contentione</span> <span class='ocrx_word' id='word_1_278' title='bbox 781 3527 814 3580; x_wconf 90' lang='lat' dir='ltr'>et</span> <span class='ocrx_word' id='word_1_279' title='bbox 825 3520 999 3582; x_wconf 90' lang='lat' dir='ltr'>certamine</span> <span class='ocrx_word' id='word_1_280' title='bbox 1016 3528 1140 3583; x_wconf 88' lang='lat' dir='ltr'>utrum-</span> 
     </span>
     <span class='ocr_line' id='line_1_40' title="bbox 109 3601 1140 3684; baseline 0.005 -21"><span class='ocrx_word' id='word_1_281' title='bbox 109 3620 174 3684; x_wconf 91' lang='lat' dir='ltr'>que</span> <span class='ocrx_word' id='word_1_282' title='bbox 207 3603 364 3676; x_wconf 89' lang='lat' dir='ltr'>versavit,</span> <span class='ocrx_word' id='word_1_283' title='bbox 397 3611 435 3664; x_wconf 91' lang='lat' dir='ltr'>ut</span> <span class='ocrx_word' id='word_1_284' title='bbox 468 3602 551 3664; x_wconf 83' lang='lat' dir='ltr'>alter</span> <span class='ocrx_word' id='word_1_285' title='bbox 583 3601 677 3665; x_wconf 88' lang='lat' dir='ltr'>alteri</span> <span class='ocrx_word' id='word_1_286' title='bbox 715 3603 863 3666; x_wconf 86' lang='lat' dir='ltr'>inimicus</span> <span class='ocrx_word' id='word_1_287' title='bbox 897 3605 1018 3667; x_wconf 89' lang='lat' dir='ltr'>auxilio</span> <span class='ocrx_word' id='word_1_288' title='bbox 1052 3604 1140 3668; x_wconf 86' lang='lat' dir='ltr'>salu·</span> 
     </span>
     <span class='ocr_line' id='line_1_41' title="bbox 108 3686 1140 3770; baseline 0.005 -22"><span class='ocrx_word' id='word_1_289' title='bbox 108 3688 199 3768; x_wconf 89' lang='lat' dir='ltr'>tique</span> <span class='ocrx_word' id='word_1_290' title='bbox 222 3695 320 3759; x_wconf 86' lang='lat' dir='ltr'>esset,</span> <span class='ocrx_word' id='word_1_291' title='bbox 342 3707 449 3768; x_wconf 88' lang='lat' dir='ltr'>neque</span> <span class='ocrx_word' id='word_1_292' title='bbox 473 3686 647 3770; x_wconf 86' lang='lat' dir='ltr'>dijudicari</span> <span class='ocrx_word' id='word_1_293' title='bbox 669 3697 795 3770; x_wconf 87' lang='lat' dir='ltr'>posset,</span> <span class='ocrx_word' id='word_1_294' title='bbox 828 3696 904 3751; x_wconf 88' lang='lat' dir='ltr'>uter</span> <span class='ocrx_word' id='word_1_295' title='bbox 929 3689 994 3751; x_wconf 85' lang='lat' dir='ltr'>utri</span> <span class='ocrx_word' id='word_1_296' title='bbox 1017 3689 1140 3754; x_wconf 86' lang='lat' dir='ltr'>virtute</span> 
     </span>
     <span class='ocr_line' id='line_1_42' title="bbox 108 3769 542 3834; baseline 0.002 -1"><span class='ocrx_word' id='word_1_297' title='bbox 108 3769 340 3834; x_wconf 79' lang='lat' dir='ltr'>anteferendus</span> <span class='ocrx_word' id='word_1_298' title='bbox 366 3771 542 3834; x_wconf 86' lang='lat' dir='ltr'>videretur.</span> 
     </span>
    </p>

    <p class='ocr_par' dir='ltr' id='par_1_5' title="bbox 151 3853 1140 3945">
     <span class='ocr_line' id='line_1_43' title="bbox 151 3853 1140 3945; baseline 0.006 -27"><span class='ocrx_word' id='word_1_299' title='bbox 151 3853 202 3918; x_wconf 81' lang='lat'>45.</span> <span class='ocrx_word' id='word_1_300' title='bbox 248 3853 380 3935; x_wconf 75' lang='lat' dir='ltr'>Quanto</span> <span class='ocrx_word' id='word_1_301' title='bbox 414 3865 484 3920; x_wconf 86' lang='lat' dir='ltr'>erat</span> <span class='ocrx_word' id='word_1_302' title='bbox 516 3857 549 3920; x_wconf 89' lang='lat' dir='ltr'>in</span> <span class='ocrx_word' id='word_1_303' title='bbox 583 3856 657 3920; x_wconf 88' lang='lat' dir='ltr'>dies·</span> <span class='ocrx_word' id='word_1_304' title='bbox 690 3859 824 3943; x_wconf 81' lang='lat' dir='ltr'>gravior</span> <span class='ocrx_word' id='word_1_305' title='bbox 857 3866 955 3943; x_wconf 88' lang='lat' dir='ltr'>atque</span> <span class='ocrx_word' id='word_1_306' title='bbox 989 3860 1140 3945; x_wconf 78' lang='lat' dir='ltr'>asperior</span> 
     </span>
    </p>
   </div>
   <div class='ocr_carea' id='block_1_4' title="bbox 0 0 1238 4312">
    <p class='ocr_par' dir='ltr' id='par_1_6' title="bbox 0 0 1238 4312">
     <span class='ocr_line' id='line_1_44' title="bbox 0 0 1238 4312; baseline 0 3"><span class='ocrx_word' id='word_1_307' title='bbox 0 0 1238 4312; x_wconf 95' lang='lat' dir='ltr'> </span> 
     </span>
    </p>
   </div>
  </div>
 </body>
</html>
