2468 4312
126 203 167 269 96
339 224 342 228 ⁴
467 227 509 267 nr
532 226 633 268 annno
657 226 796 270 osnnrco

127 381 168 423 ex
190 359 229 422 iis
252 357 453 422 novissimus
476 359 638 432 convenit,
660 358 695 422 in
723 365 905 443 conspectu
939 359 1160 425 multitudinis

126 446 277 509 omnibus
302 444 500 507 cruciatibus
534 443 670 507 affectus
703 446 992 508 necatorium
1017 446 1160 509 concilio

126 529 380 615 Cingetorigem,
414 528 548 591 alterius
583 529 762 612 principem
795 528 964 606 factionis
1002 552 1162 615 generum

125 637 230 690 suum,
254 637 351 697 quem
374 635 474 696 supra
498 613 794 680 demonstrarimus
821 613 973 678 Caesaris
1008 626 1161 679 secut-um

124 701 224 764 fidem
246 703 287 763 ab
311 722 350 764 eo
373 721 439 761 non
464 698 669 772 discessisse,
692 700 844 763 '‘hostem
862 701 992 784 judicat
1004 702 1162 784 bonaque

125 784 197 870 ejus
220 786 375 869 publicat.
420 785 481 847 His
504 785 604 847 rebus
618 782 777 848 confectis
800 787 833 847 in
856 787 996 848 concilio
1012 808 1161 870 pronun·

125 872 197 944 ciat,
221 872 413 933 arcessitum
438 891 474 932 se
497 891 516 932 a
539 869 725 933 Senonibus
750 880 783 933 et
806 869 1004 934 Carnutibus
1018 873 1161 955 aliisque

125 956 349 1038 compluribus
375 954 501 1017 Galliae
524 955 721 1028 civitatibus,
744 954 809 1019 huc
831 957 953 1018 iturum
980 978 1041 1040 per
1074 957 1160 1021 fines

123 1041 301 1104 Remorum
324 1062 503 1123 eorumque
515 1061 614 1124 agros
626 1041 861 1124 populaturum
883 1062 922 1104 ac
944 1043 1046 1125 prius
1060 1064 1161 1124 quam

123 1127 160 1189 id
181 1125 289 1199 faciat,
326 1127 462 1189 Labieni
495 1138 605 1188 castra
638 1134 912 1211 oppugnaturum.
964 1126 1065 1207 ,Quae
1083 1129 1161 1192 ¹fieri

124 1211 212 1284 velit,
238 1213 407 1295 praecipit.

167 1297 216 1360 57.
263 1297 434 1370 Labienus,
459 1317 559 1378 quum
581 1304 614 1359 et
636 1296 701 1360 ioci
724 1305 840 1359 natura
867 1303 900 1359 et
922 1319 1020 1360 manu
1054 1300 1159 1361 muni-

124 1382 260 1446 tissimis
284 1383 401 1445 castris
426 1403 500 1444 sese
524 1392 657 1455 teneret,
681 1380 743 1444 ¹de
767 1404 829 1444 suo
853 1403 890 1444 ac
914 1383 1053 1467 legionis
1072 1386 1160 1467 peri-

124 1467 199 1531 culo
223 1468 303 1530 nihil
325 1469 473 1542 timebat3
506 1489 548 1530 ne
574 1489 671 1550 quam
694 1469 902 1529 occasionem
925 1471 971 1530 rei
994 1470 1079 1531 bene
1103 1491 1160 1554 ge-

122 1552 245 1617 rendae
279 1552 469 1627 dimitteret‚
504 1553 678 1637 cogitabat.
734 1552 868 1633 ²itaque
898 1574 917 1614 a
946 1553 1158 1640 Cingetorige

123 1649 223 1722 atque
246 1639 317 1722 ejus
354 1639 549 1722 propinquis
584 1639 730 1701 oratione
759 1638 979 1701 induciomari
1013 1641 1157 1724 cognita,

124 1746 221 1808 quarn
243 1725 275 1786 in
298 1725 437 1786 concilio
460 1723 629 1796 habuerat,
652 1725 790 1786 nuncios
813 1724 911 1786 mittit
934 1722 977 1785 ad
1000 1724 1157 1788 finitimas

123 1811 271 1873 civitates
296 1811 489 1891 equitesque
511 1808 656 1890 undique
680 1820 810 1883 evocat3
843 1808 895 1870 his
919 1818 1045 1871 certum
1069 1809 1157 1872 diem

123 1895 338 1958 conveniendi
362 1895 448 1956 dicit.
493 1894 624 1957 interim
649 1915 752 1977 prope
776 1892 924 1976 quotidie
958 1916 1033 1956 cum
1068 1897 1158 1959 omni

125 1981 272 2062 equitatu
311 1979 560 2042 induciomarus
601 1980 662 2042 sub
698 1980 815 2041 castris
851 1978 922 2061 ejus
957 1981 1156 2062 vagabatur,

124 2066 204 2127 alias
228 2072 265 2126 ut
287 2065 385 2126 situm
398 2073 579 2126 castrorum
593 2072 817 2147 cognosceret,
841 2064 922 2125 alias
940 2064 1156 2148 colloquendi

124 2160 180 2212 aut
202 2148 373 2212 territandi
407 2171 521 2222 causa3
556 2149 683 2232 equites
721 2149 915 2232 pierumque
949 2171 1064 2213 omnes
1089 2152 1157 2214 tela

123 2235 207 2298 intra
231 2235 349 2298 vallum
374 2235 599 2317 conjiciebant.
643 2233 808 2297 Labienus
832 2256 913 2296 suos
942 2235 1028 2296 intra
1050 2239 1156 2299 muni-

123 2320 242 2384 tionem
267 2321 455 2383 continebat
476 2319 689 2403 ³ti1norisque
712 2319 907 2403 opinionem,
942 2320 1155 2403 quibuscum·

123 2427 187 2490 que
210 2415 341 2490 poterat
362 2406 472 2480 rebus,
496 2406 647 2489 augebat.

166 2493 216 2557 58.
261 2490 369 2569 Quum
392 2490 516 2573 majore
537 2492 570 2552 in
594 2489 665 2552 dies
688 2489 931 2572 contemptione
947 2489 1156 2556 inducioma-

121 2597 179 2640 rus
203 2576 246 2640 ad
269 2587 377 2640 castra
400 2575 579 2650 accederet,
603 2576 719 2637 lnocte
741 2596 807 2636 una
821 2576 1019 2638 intromissis
1037 2579 1156 2659 equiti-

121 2663 184 2725 bus
210 2664 351 2725 omnium
375 2662 580 2724 finitimarum
607 2660 781 2733 civitatum,
817 2680 901 2741 quos
931 2662 1154 2726 arcessendos

122 2758 301 2820 curaverat,
325 2757 415 2810 tanta
438 2747 607 2831 diligentia
636 2766 748 2807 omnes
777 2766 857 2807 suos
881 2746 1044 2808 custodiis
1067 2748 1156 2811 intra

122 2842 231 2896 castra
254 2833 419 2907 continuit,
442 2831 592 2895 utnulla
614 2832 740 2893 ratione
769 2851 883 2892 cares
908 2832 1072 2893 enunciari
1096 2841 1156 2896 aut

121 2917 164 2981 ad
187 2917 345 2981 Treviros
368 2917 506 3002 perferri
528 2923 654 3001 posset.
698 2914 830 2979 Interim
855 2937 896 2977 ex
912 2917 1155 2982 consuetudine

122 3003 312 3088 quotidiana
334 3004 582 3067 induciomarus
605 3000 649 3064 ad
672 3009 780 3063 castra
814 3000 942 3062 accedit
974 3009 1075 3084 atque
1108 3003 1155 3066 ibi

121 3111 269 3175 magnam
291 3097 418 3172 partem
441 3089 505 3152 diei
528 3087 705 3159 consmnitg
734 3085 860 3167 equites
883 3086 950 3147 tela
973 3087 1155 3170 conjiciunt

122 3183 153 3237 et
165 3195 282 3260 magna
293 3173 386 3238 ²cum
399 3173 595 3238 contumelia
617 3172 792 3237 verborum
805 3179 940 3233 nostros
953 3170 995 3235 ad
1008 3192 1156 3256 pugnam

121 3271 274 3336 arccana
307 3261 399 3324 nullo
423 3262 464 3323 ab
487 3259 610 3322 nostris
635 3256 713 3322 dato
746 3276 920 3338 responso,
953 3256 1010 3318 ubi
1044 3257 1154 3325 visum

121 3356 179 3421 est,
203 3348 266 3409 sub
290 3367 464 3430 vesperum
477 3343 619 3427 dispersi
631 3363 668 3404 ac
681 3340 832 3424 dissipati
845 3339 1028 3404 discedunt.
1055 3342 1154 3406 Subi·

119 3441 155 3494 to
188 3432 353 3495 Labienus
389 3431 518 3495 duabus
552 3428 657 3512 portis
689 3447 816 3488 ornnem
845 3425 1026 3507 equitatum
1060 3428 1155 3490 emit-

119 3517 172 3591 tit,
196 3518 376 3601 ³praecipit
398 3526 497 3598 atque
519 3513 692 3585 interdicit,
715 3511 901 3594 proterritis
923 3510 1079 3574 hostibus
1104 3521 1155 3575 at·

120 3623 184 3684 qne
216 3605 249 3665 in
282 3602 393 3687 fugam
427 3600 584 3683 conjectis
610 3637 646 3650 -
673 3595 763 3680 quod
786 3595 867 3669 fore,
901 3596 988 3663 sieut
1022 3596 1153 3673 accidit,

120 3686 254 3751 videbat
274 3725 317 3735 —
339 3709 438 3751 unum
462 3706 575 3748 omnes
608 3692 758 3767 peterent
790 3680 1063 3755 induciomarum,
1087 3704 1155 3746 neu

121 3773 193 3851 quis
216 3795 314 3860 quern
337 3773 428 3856 prius
450 3770 609 3842 vulneret,
639 3788 735 3850 quam
759 3766 850 3828 iilum
873 3764 1081 3828 interiectum
1103 3768 1153 3829 vi·

121 3854 212 3932 derit,
231 3848 328 3942 ‘quod
356 3878 448 3919 mora
480 3855 681 3937 reliquorum
719 3852 861 3936 spatimn
893 3859 1024 3914 nactum
1058 3851 1154 3921 illum
