2468 4312
135 221 178 287 48
477 243 519 284 nn
542 242 644 286 nanno
668 244 807 288 oanmco

181 375 229 439 12.
273 375 378 438 Erant
400 374 563 458 ejusmodi
592 374 660 439 fere
689 376 772 438 situs
796 375 1003 460 oppidorum,
1027 377 1083 438 ²ut
1106 399 1166 460 po·

135 461 199 524 sita
221 462 254 523 in
278 461 431 524 extremis
454 460 586 544 lingulis
609 463 910 545 promunturiisque
932 484 1039 545 neque
1073 463 1165 546 pedi-

135 547 197 611 bus
221 544 345 609 aditum
367 545 535 620 haberent,
558 546 679 629 ³quum
703 567 743 608 ex
766 547 833 609 alto
858 569 894 609 se
917 557 1029 610 aestus
1051 548 1165 610 incita·

133 631 248 704 visset,
282 630 374 714 quod
406 630 458 694 bis
493 630 612 693 accidit
646 653 776 715 semper
808 631 964 694 horarum
987 632 1166 695 duodecim

51 794 54 799 ι
135 716 253 799 spatio,
286 736 393 799 neque
416 716 564 790 navibus
599 714 691 798 quod
723 737 839 779 rursus
871 718 1035 780 minuente
1068 727 1163 781 aestu

133 822 235 864 naves
258 802 292 863 in
313 800 409 863 vadis
422 798 664 863 afflictarentur.
709 801 780 863 ⁵lta
801 810 941 886 utraque
963 823 1000 865 re
1023 802 1164 886 oppido·

133 907 206 948 rum
229 886 434 971 oppugnatio
457 885 710 968 impediebatur3
734 907 773 949 ac
796 887 824 948 si
847 886 981 970 quando
1005 889 1164 971 magnitu-

134 970 211 1033 dine
234 973 343 1054 operis
365 969 451 1032 forte
475 971 630 1053 superati,
654 978 790 1033 extruso
812 973 893 1034 mari
914 993 1164 1056 aggereacmo-

132 1055 220 1119 libus
244 1064 343 1138 atque
365 1055 418 1117 his
442 1054 557 1138 oppidi
579 1056 751 1118 moenibus
775 1055 977 1140 adaequatis,
1005 1058 1074 1120 suis
1096 1056 1164 1120 for·

133 1140 220 1204 tunis
245 1140 423 1224 desperare
446 1148 631 1223 coeperant,
653 1162 772 1224 magno
794 1163 929 1204 numero
953 1144 1083 1204 navium
1106 1163 1164 1226 ap-

132 1227 241 1311 pulso,
265 1227 359 1311 cujus
381 1226 428 1288 rei
452 1246 608 1287 summam
631 1224 821 1288 facultatem
832 1226 1007 1301 habebant,
1030 1248 1091 1289 sua
1107 1226 1163 1289 de·

132 1311 311 1395 portabant
333 1312 441 1372 omnia
464 1330 566 1393 seque
588 1311 622 1372 in
643 1311 795 1394 proxima
810 1311 935 1395 oppida
946 1312 1161 1395 recipiebant:

132 1396 178 1460 ibi
201 1418 237 1458 se
259 1416 375 1457 rursus
397 1393 514 1457 iisdem
538 1396 841 1478 opportunitatibus
853 1396 918 1459 loci
931 1393 1161 1460 defendebant.

132 1480 224 1543 Haec
247 1501 287 1542 eo
315 1478 443 1542 facilius
477 1500 627 1564 magnam
659 1488 786 1564 partem
819 1482 953 1544 aestatis
990 1480 1162 1558 faciebant,

133 1564 225 1648 quod
246 1574 381 1627 nostrae
409 1586 510 1627 naves
540 1565 792 1648 tempestatibus
822 1565 1052 1629 detinebantur
1075 1589 1162 1630 sum-

131 1671 249 1733 maque
273 1657 343 1713 erat
364 1657 460 1712 vasto
485 1658 583 1732 atque
605 1659 721 1733 aperto
743 1651 832 1725 mari,
856 1652 981 1736 magnis
1005 1653 1160 1727 aestibus,

131 1737 214 1798 raris
238 1756 277 1798 ac
298 1756 404 1818 prope
426 1735 525 1796 nullis
548 1735 709 1818 portibus,
733 1734 910 1798 difficultas
934 1736 1118 1821 navigandi.

176 1821 224 1882 13.
270 1820 438 1903 ¹Namque
460 1820 609 1903 ipsorum
631 1841 732 1883 naves
746 1820 789 1883 ad
800 1820 888 1883 hunc
909 1820 1043 1884 modum
1054 1820 1161 1885 factae

132 1912 341 1987 armataeque
365 1911 469 1967 erant:
504 1904 632 1967 carinae
665 1905 833 1988 aliquanto
890 1905 1033 1969 laniores
1064 1927 1161 1990 quam

131 1999 317 2052 nostrarum
350 1990 489 2062 navium,
523 1989 610 2072 ²quo
643 1988 772 2053 facilius
805 2012 848 2053 va
873 2011 891 2053 a
925 2012 963 2054 ao
986 1991 1160 2055 decessum

132 2083 244 2137 aestus
269 2074 419 2160 excipere
441 2082 596 2157 posseut3
619 2096 738 2159 prorae
761 2074 939 2138 admodum
963 2085 1090 2140 erectae
1113 2088 1160 2139 at-

132 2179 195 2242 que
218 2160 292 2222 item
316 2180 446 2243 puppes
470 2158 513 2222 ad
534 2159 790 2245 magnitudinem
812 2158 968 2224 fluctuum
984 2169 1160 2246 tempesta-

131 2252 265 2327 tumque
289 2243 568 2319 accommodatam
591 2265 693 2307 naves
716 2253 806 2308 totae
828 2242 934 2308 factae
964 2267 1006 2308 ex
1037 2248 1159 2310 robore

131 2328 174 2392 ad
197 2331 345 2413 quamvis
369 2330 434 2392 vim
458 2337 490 2392 et
515 2329 743 2392 contumeliam
776 2328 1019 2413 perferendam3
1053 2332 1159 2394 ³tran-

131 2423 200 2478 stra
222 2413 395 2497 pedalibus
418 2415 452 2477 iu
475 2413 679 2477 altitudinem
712 2415 860 2477 trabibus
895 2415 1026 2478 confixa
1054 2416 1157 2479 clavis

129 2497 243 2561 ferreis
268 2499 358 2584 digiti
380 2500 511 2582 pollicis
535 2499 768 2575 crassitudine;
791 2520 931 2563 ancorae
946 2522 1007 2584 pro
1024 2499 1156 2563 funibus

128 2582 243 2646 ferreis
267 2585 390 2647 catenis
423 2584 604 2660 revinctam
636 2585 651 2624 ⁴
658 2584 763 2668 pelles
791 2605 853 2668 pro
876 2585 959 2647 velis
982 2586 1157 2668 alutaeque

130 2670 270 2732 tenuiter
293 2668 470 2744 confectae,
492 2669 555 2731 hae
584 2668 654 2732 sive
680 2676 817 2753 propter
849 2668 907 2731 lini
938 2669 1083 2754 inopiam
1109 2678 1157 2733 at-

130 2774 194 2837 que
228 2755 299 2838 ejus
333 2775 415 2816 usus
448 2754 659 2828 inscientiam,
694 2754 765 2816 sive
798 2774 854 2828 eo,
911 2754 981 2817 uod
1013 2762 1065 2818 est
1090 2776 1157 2817 ma-

128 2839 179 2922 gis
202 2839 386 2914 verisimile,
411 2838 502 2922 quod
525 2847 633 2902 tantas
657 2845 871 2922 tempestates
884 2775 1008 2901 decani
1030 2847 1157 2902 tantos·

129 2943 194 3007 que
215 2923 357 3007 impetus
381 2932 552 2987 ventorum
577 2923 731 2986 sustineri
743 2943 782 2986 ac
796 2930 889 2986 tanta
904 2944 1004 2986 onera
1026 2925 1158 2988 navium

127 3008 197 3092 regi
219 3009 301 3071 velis
313 3009 473 3072 nonsatis
485 3007 657 3072 commode
678 3029 780 3092 posse
803 3007 1052 3071 arbitrabantur.
1076 3007 1157 3071 Cum

129 3092 180 3155 his
203 3089 342 3156 navibus
364 3102 498 3156 nostrae
522 3093 621 3156 classi
650 3091 813 3176 ejusmodi
835 3092 1054 3178 ⁵congressus
1078 3103 1157 3167 erat,

33 3238 37 3244 .
127 3186 165 3240 ut
186 3199 252 3240 una
274 3178 440 3242 celeritate
463 3187 496 3242 et
517 3179 618 3262 pulsu
639 3198 802 3240 remorum
814 3185 1007 3260 praestaret,
1029 3178 1158 3262 reliqua

127 3273 189 3347 pro
212 3263 277 3326 loci
299 3270 424 3337 natura,
447 3263 796 3347 provitempestatum
817 3262 882 3324 illis
906 3271 1018 3325 essent
1028 3263 1157 3345 aptiora

128 3356 161 3410 et
182 3347 488 3411 accommodatiora.
532 3348 649 3431 Neque
674 3347 758 3410 enim
779 3346 831 3408 his
861 3360 994 3409 nostrae
1023 3345 1155 3410 “rostro

127 3454 246 3496 nocere
269 3441 423 3517 poterant
448 3470 483 3480 -
509 3440 601 3496 tauta
622 3432 656 3494 in
677 3432 717 3494 iis
747 3439 817 3494 erat
844 3430 1010 3494 firmitudo
1037 3468 1072 3477 -
1101 3452 1157 3495 ne·

128 3536 192 3600 que
213 3525 351 3602 propter
374 3516 577 3581 altitudinem
611 3515 708 3579 facile
742 3516 843 3580 telum
875 3516 1099 3600 adjiciebatur,
1124 3518 1157 3579 et

128 3601 241 3664 eadem
254 3601 409 3665 decausa
431 3603 536 3665 minus
560 3600 732 3664 commode
755 3600 923 3685 'scopulis
947 3601 1157 3664 contineban-

127 3693 188 3748 tur.
238 3686 456 3762 ⁸Accedebat
484 3695 530 3763 ut,
560 3706 659 3769 quum
688 3686 815 3749 saevire
842 3693 962 3749 ventus
990 3685 1158 3769 coepisset

129 3776 161 3830 et
183 3790 219 3832 se
241 3779 340 3835 vento
365 3771 545 3847 dedissent,
568 3779 601 3834 et
622 3779 851 3854 tempestatem
875 3769 1000 3833 ferrent
1026 3769 1156 3833 facilius

128 3853 214 3916 etin
236 3856 331 3920 vadis
355 3857 574 3921 consisterent
596 3857 699 3920 tutius
723 3863 755 3919 et
778 3855 819 3919 ab
842 3864 937 3919 aestu
959 3854 1093 3918 relictae
1109 3856 1157 3918 ni·
