2468 4312
108 229 168 296 118
457 251 499 294 na
522 252 625 294 annno
648 250 786 295 oannrco

105 385 238 461 durcos,
261 384 433 460 Turonos,
466 384 638 457 Aulercos,
674 383 885 453 Lemovices,
915 382 1034 447 Andos
1064 382 1143 447 reli-

105 492 257 557 quosque
295 491 418 545 omnes,
456 471 512 553 qui
549 468 717 532 Oceanum
754 469 934 553 attingunt,
972 468 1075 553 adjun
1102 469 1142 540 'tz

105 557 247 619 omnium
270 576 435 619 consensu
468 554 512 618 ad
545 576 617 616 eum
653 552 800 616 defertur
831 554 1012 637 imperium.
1065 490 1144 633 {ba

105 642 217 705 oblata
239 649 405 724 potestate
428 640 580 702 omnibus
614 639 665 700 his
699 639 887 701 civitatibus
918 639 1057 702 obsides
1080 639 1143 701 im·

103 736 211 824 perat3
235 742 359 788 certum
381 746 551 786 numerum
573 724 710 785 militum
732 723 824 785 adse
842 723 993 786 celeriter
1015 723 1142 787 adduci

98 812 210 895 Jubet3
234 830 398 872 armorum
420 818 577 892 quantum
600 828 751 891 quaeque
766 809 883 871 civitas
896 808 987 870 domi
1009 807 1142 893 'quod-

104 916 168 977 que
192 904 266 956 ante
288 903 419 979 tempus
443 893 571 968 efficiat,
595 893 779 967 constituit3
812 893 845 955 in
871 893 987 976 primis
1010 894 1142 978 equita-

103 979 150 1042 tui
174 978 295 1042 studet.
341 978 493 1043 Summae
517 977 703 1061 diligentiae
736 998 895 1040 summam
928 979 1056 1062 imperii
1087 998 1142 1042 se·

102 1064 273 1127 veritatem
296 1063 404 1139 addit3
426 1063 647 1148 magnitudine
670 1063 822 1147 supplicii
856 1062 1048 1127 dubitantes
1083 1084 1142 1126 co·

101 1149 162 1233 git:
185 1149 281 1210 ⁴nam
304 1149 427 1234 majore
451 1149 627 1212 commisso
651 1147 772 1210 delicto
795 1149 862 1232 igni
897 1156 999 1232 atque
1033 1149 1141 1211 omni·

100 1235 166 1296 bus
190 1235 363 1297 tormentis
386 1242 491 1309 necat,
514 1233 637 1296 leviore
660 1232 703 1294 de
724 1252 827 1294 causa
841 1233 978 1296 auribus
991 1232 1141 1297 desectis

102 1327 161 1381 aut
183 1318 321 1401 singulis
345 1318 475 1381 effossis
499 1318 605 1381 oculis
629 1317 761 1380 domurn
783 1318 928 1393 remittit,
950 1326 989 1380 ut
1003 1319 1072 1380 sint
1086 1338 1141 1381 re·

101 1403 201 1485 liquis
226 1402 424 1467 documento
459 1412 492 1466 et
524 1401 746 1487 magnitudine
778 1422 907 1486 poenae
929 1412 1141 1486 perterreant

102 1488 196 1551 alios.

147 1575 175 1637 5.
221 1573 282 1637 His
306 1575 477 1659 suppliciis
497 1573 646 1637 celeriter
657 1580 773 1635 coacto
787 1573 934 1635 exercitu
945 1573 1141 1637 Lucterium

103 1658 297 1735 Cadurcum,
320 1680 466 1722 summae
488 1659 652 1721 hominem
675 1657 839 1732 audaciae,
863 1679 938 1720 curn
961 1668 1058 1742 parte
1082 1681 1141 1722 co·

101 1745 228 1829 piarum
250 1745 283 1806 in
306 1744 455 1807 Rutenos
480 1744 590 1810 mittit:
613 1744 686 1826 ipse
707 1743 741 1804 in
762 1742 929 1826 Bituriges
952 1744 1141 1827 proficisci·

100 1839 164 1892 tur.
210 1829 312 1914 ¹Ejus
335 1829 481 1892 adventu
513 1828 678 1912 Bituriges
712 1826 754 1889 ad
789 1827 959 1901 Haeduos,
994 1850 1141 1912 quorum

102 1922 195 1976 erant
217 1915 249 1975 in
271 1914 346 1989 fide,
370 1914 498 1998 legatos
522 1914 653 1976 mittunt
675 1911 860 1974 subsidium
881 1922 1045 1998 rogatum,
1069 1934 1141 1998 quo

101 1997 230 2060 facilius
253 1999 401 2061 hostium
424 2000 537 2082 copias
561 1998 724 2061 sustinere
750 1997 890 2079 possint.
936 1998 1071 2061 Haedui
1096 1999 1141 2064 de

102 2083 241 2146 consilio
266 2084 457 2169 legatorum,
481 2104 566 2166 qnos
590 2081 711 2144 Caesar
733 2081 777 2144 ad
799 2083 979 2144 exercituin
994 2084 1142 2167 relique·

100 2177 160 2235 rat,
185 2168 298 2251 copias
322 2169 488 2251 equitatus
511 2167 746 2251 peditatusque
760 2166 912 2229 subsidio
930 2167 1140 2253 Biturigibus

100 2253 241 2315 mittunt.
287 2252 351 2332 Qui
375 2258 475 2336 quuin
498 2252 541 2315 ad
552 2251 822 2335 flumenltigerim
846 2253 1026 2327 venissent,
1044 2254 1141 2336 quod

100 2337 266 2421 Bituriges
289 2340 331 2401 ab
355 2337 503 2400 Haeduis
527 2336 652 2411 dividit,
682 2356 808 2419 paucos
838 2336 909 2399 dies
938 2338 984 2399 ibi
1007 2340 1139 2414 morati,

100 2444 208 2506 neque
231 2421 350 2486 flumen
374 2423 514 2485 transire
537 2423 617 2496 ausi,
640 2421 773 2483 domum
800 2430 1014 2484 revertuntur
1047 2423 1140 2509 lega·

100 2507 210 2590 tisque
233 2509 356 2571 nostris
379 2507 578 2580 renunciant,
601 2527 638 2569 se
660 2506 842 2583 Biturigum
866 2506 1040 2589 perfidiam
1052 2510 1140 2572 vem‘-

99 2601 153 2654 tos
180 2594 364 2667 revertisse,
388 2593 507 2675 quibus
539 2589 574 2654 id
609 2591 734 2652 consilii
768 2589 873 2652 fuisse
907 2594 1139 2676 cognoverint,

99 2686 145 2751 ut,
169 2678 197 2738 si
220 2675 339 2741 flumen
360 2677 567 2751 transissent,
590 2697 654 2737 una
678 2696 718 2736 ex
740 2684 834 2757 parte
856 2675 930 2758 ipsi,
955 2678 1139 2742 alteraAr-

99 2761 192 2823 verni
215 2782 251 2823 se
274 2763 559 2825 circumsisterent.
604 2759 643 2823 Id
667 2780 746 2821 eane
769 2758 811 2822 de
834 2780 945 2834 causa,
970 2783 1071 2845 quam
1089 2764 1138 2827 le·

99 2847 185 2926 gatis
209 2848 476 2927 pronunciarunt,
499 2867 540 2908 an
562 2843 700 2929 perfidia
722 2842 858 2906 adducti
869 2844 1017 2919 fecerint,
1042 2848 1139 2932 quod

100 2929 180 2991 nihil
204 2932 298 2994 nobis
323 2939 462 3006 constat,
485 2930 571 2993 ²non
594 2926 725 2991 videtur
753 2949 814 3012 pro
838 2938 930 2992 certo
956 2952 1033 2995 esse
1057 2954 1138 3016 pro·

98 3013 296 3097 ponendum.
340 3016 505 3100 Bituriges
530 3036 642 3078 eorum
665 3013 817 3076 discessu
840 3015 951 3077 statim
974 3038 1051 3079 cum
1073 3018 1140 3080 Ar-

97 3100 208 3161 vernis
235 3099 419 3186 'unguntur
567 3110 573 3117 '

141 3183 170 3246 6.
248 3184 276 3247 is
299 3188 399 3249 rebus
422 3185 455 3247 in
476 3184 601 3247 Italiam
614 3182 747 3245 Caesari
758 3183 920 3247 nunciatis
944 3205 1047 3267 quum
1064 3186 1138 3271 jam

97 3267 153 3330 illc
176 3270 318 3334 urbanas
341 3292 396 3333 res
420 3270 561 3332 ¹virtute
595 3266 657 3330 Gn.
684 3267 836 3351 Pompeji
870 3269 1137 3336 commodiorem

97 3352 130 3414 in
153 3362 274 3416 statum
286 3355 479 3439 pervenisse
500 3352 705 3436 intelligeret,
726 3353 760 3414 in
781 3351 1038 3438 Transalpinam
1055 3356 1138 3420 Gal-

96 3437 173 3499 liam
194 3438 363 3521 profectus
388 3448 448 3502 est.
493 3436 544 3500 Eo
568 3456 667 3521 quum
701 3438 856 3511 venisset,
893 3460 1013 3524 magna
1048 3441 1143 3505 disti--

97 3523 219 3586 cultate
242 3523 453 3591 afficiebatur,
477 3544 542 3606 qua
563 3523 690 3584 ratione
702 3522 744 3584 ad
761 3523 939 3585 exercituin
957 3528 1137 3609 pervenire

96 3619 222 3689 posset.
267 3610 351 3674 Nam
373 3610 402 3671 si
425 3609 573 3693 legiones
595 3607 628 3669 in
651 3607 853 3690 provinciam
876 3617 1072 3685 arcesseret,
1098 3634 1137 3676 se

96 3692 233 3755 absente
254 3693 288 3756 in
309 3697 425 3757 itinere
448 3692 575 3777 proelio
606 3690 814 3754 dimicaturas
847 3692 1068 3778 intelligebat3
1106 3699 1135 3760 si

95 3774 168 3855 ipse
192 3777 233 3838 ad
257 3781 434 3843 exercitum
457 3775 680 3849 contenderet,
703 3796 744 3838 ne
766 3777 806 3838 iis
823 3776 972 3858 quidem,
996 3780 1076 3863 ²qui
1093 3804 1135 3846 eo

94 3865 256 4008 tempore&
266 3865 375 3945 pacati
397 3863 594 3937 viderentur,
628 3881 720 3924 suam
754 3861 894 3924 salutern
927 3872 1019 3928 recte
1043 3887 1136 3932 com-

95 3942 178 4004 mitti
201 3946 232 4007 vi
259 3948 341 4012 ebat.
