2436 4320
420 228 486 277 me,
503 198 566 272 vni.
604 227 673 287 cnr.
696 203 832 271 22-26.
1079 205 1139 289 127

100 379 198 425 muro
221 357 366 424 clamore
389 359 523 425 sublato
546 359 676 425 duabus
699 361 805 444 portis
828 361 870 423 ab
882 367 1025 443 utroque
1036 358 1139 427 latere

103 446 244 512 turrium
267 446 398 530 eruptio
422 445 531 509 fiebat.
575 447 641 509 Alii
663 444 753 509 faces
781 454 880 529 utque
913 444 1039 509 aridam
1069 467 1138 508 ma·

103 533 218 596 teriem
240 530 284 595 de
306 553 401 594 muro
423 533 457 593 in
480 552 632 616 aggerem
668 532 793 594 eniinus
823 530 999 615 jaciebant,
1021 531 1138 614 picem

98 616 317 701 reliquasque
340 638 404 690 res,
427 616 547 699 quibus
582 616 665 700 ignis
699 616 834 679 excitari
868 626 988 700 potest,
1022 615 1136 687 funde.-

103 702 191 775 bant
215 711 261 776 ut,
285 723 352 785 quo
375 703 516 784 primum
538 711 724 764 curreretur
747 715 804 763 aut
832 702 883 763 cui
916 701 964 764 rei
996 700 1137 765 ferretur

102 786 269 862 auxilinm,
292 787 348 848 vix
371 787 455 849 ratio
478 786 551 849 iniri
573 795 700 869 posset.
755 784 890 859 Tamen,
920 785 1012 868 quod
1044 786 1137 850 insti·

101 882 174 937 tuto
198 870 352 935 Caesaris
376 893 506 955 semper
529 870 614 934 duae
637 871 783 955 legiones
812 893 874 954 pro
891 872 1016 935 castris
1040 893 1137 935 excu-

101 957 226 1022 babant
249 956 430 1041 pluresque
451 957 581 1040 partitis
604 957 809 1040 temporibus
843 965 937 1019 erant
964 957 999 1021 in
1026 979 1135 1041 opere.

101 1042 253 1107 celeriter
275 1040 397 1105 lactum
420 1051 479 1115 est,
513 1051 551 1104 ut
582 1041 638 1105 alii
670 1041 900 1125 eruptionibus
933 1042 1135 1117 resisterent,

101 1127 156 1191 alii
199 1136 309 1190 turres
345 1125 543 1190 reducerent
584 1148 803 1212 aggeremque
846 1126 1135 1202 interscinderent‚

102 1212 210 1276 omnis
243 1233 326 1275 vero
360 1233 402 1277 ex
435 1212 554 1276 castris
587 1211 764 1275 multitudo
799 1211 841 1275 ad
864 1213 1135 1298 restinguendum

102 1308 323 1363 concurreret.

143 1381 195 1449 25.
241 1381 351 1461 Quum
373 1382 407 1445 in
430 1382 582 1446 omnibus
605 1380 688 1465 locis
713 1389 910 1465 consumpta
927 1382 1135 1468 jamreliqua

99 1477 196 1552 parte
219 1469 325 1531 noctis
348 1477 551 1552 pugnaretur
574 1488 770 1549 semperque
793 1466 947 1536 hostibus
973 1490 1053 1552 spes
1086 1469 1134 1531 vi·

100 1553 224 1616 ctoriae
245 1551 539 1638 redintegraretur,
561 1573 601 1615 eo
624 1552 736 1636 magis,
760 1551 872 1636 lquod
899 1551 1037 1616 deustos
1060 1549 1133 1637 plu-

99 1647 175 1702 teos
210 1639 346 1701 turrium
380 1636 538 1702 videbant
569 1658 630 1701 nec
662 1636 758 1700 facile
792 1637 882 1700 adire
916 1652 1050 1722 apertos
1087 1636 1133 1702 'ad

100 1722 323 1786 auxiliandum
347 1722 657 1796 animadvertebant,
680 1742 875 1806 semperque
897 1722 961 1806 ipsi
983 1731 1132 1786 recentes

101 1807 243 1872 defessis
267 1808 482 1871 succederent
504 1827 698 1889 omnemque
722 1805 847 1871 Galliae
870 1808 1010 1871 salutem
1024 1808 1058 1871 in
1072 1808 1131 1871 illo

99 1893 241 1978 vestigio
265 1894 424 1978 temporis
448 1893 590 1976 positam
613 1893 858 1967 arbitrarentur,
880 1891 1000 1957 accidit
1022 1893 1132 1978 inspe-

100 1979 266 2043 ctantibus
289 1979 395 2053 nobis,
419 1976 511 2060 quod
540 1976 673 2062 dignum
707 1979 866 2042 memoria
898 1979 1005 2042 visum
1036 2000 1132 2063 prae·

100 2063 294 2129 tereundum
316 2085 384 2127 non
407 2063 672 2127 existimavimus.
717 2063 878 2142 ²Quidam
902 2072 978 2141 ante
1000 2071 1132 2148 portam

101 2148 215 2233 oppidi
240 2147 356 2212 Gallus
380 2169 439 2232 per
461 2170 576 2211 manus
599 2149 670 2213 sevi
692 2169 731 2211 ac
754 2149 835 2232 picis
859 2148 996 2212 traditas
1014 2149 1131 2234 glebas

99 2233 261 2318 inignem
288 2256 306 2298 e
332 2234 466 2318 regione
501 2233 601 2297 turris
635 2233 845 2318 projiciebat:
879 2234 1055 2316 scorpione
1089 2235 1131 2297 ab

99 2318 202 2382 latere
225 2318 344 2382 dextro
368 2318 527 2402 trajectus
552 2318 821 2401 exanimatusque
844 2319 996 2382 concidit.
1033 2318 1131 2382 Hunc

100 2425 141 2467 ex
163 2405 323 2488 proximis
345 2425 431 2466 unus
460 2403 625 2488 jacentem
659 2414 887 2488 transgressus
923 2401 1039 2466 eodem
1071 2403 1130 2466 illo

99 2510 233 2552 munere
254 2488 466 2574 fungebatur3
490 2487 604 2552 eadem
626 2489 753 2551 ratione
774 2489 842 2551 ictu
865 2489 1051 2572 scorpionis
1075 2509 1131 2551 ex-

99 2574 240 2637 animato
264 2574 359 2636 alteri
381 2573 544 2637 successit
565 2574 681 2636 tertius
705 2583 738 2635 et
760 2574 856 2636 tertio
881 2580 1033 2656 quartns;
1069 2594 1131 2638 nec

98 2660 191 2744 prius
214 2659 270 2721 ille
293 2668 345 2722 est
366 2680 386 2720 a
407 2658 711 2743 propugnatoribus
735 2680 860 2721 vacuus
875 2658 1010 2722 relictus
1027 2658 1131 2733 locus,

100 2765 197 2829 quam
221 2745 378 2807 restincto
401 2765 520 2829 aggere
543 2752 643 2827 atque
666 2743 753 2807 omni
776 2752 934 2829 exparte
968 2744 1130 2808 submotis

98 2827 253 2893 hostibus
276 2829 349 2892 finis
374 2839 426 2892 est
447 2829 617 2913 pugnandi
638 2827 755 2893 factus.

141 2913 192 2978 26.
238 2912 357 2977 Omnia
378 2915 504 2998 experti
529 2913 623 2989 Galli,
648 2914 739 2997 quod
761 2936 815 2980 res
841 2914 932 2979 nulla
959 2934 1130 2977 successe·

98 3009 158 3071 rat,
182 3007 320 3084 postero
344 2998 399 3062 die
423 2999 596 3062 consilium
625 3011 783 3083 ceperunt
816 3022 859 3064 ex
893 2999 1018 3085 oppido
1051 3020 1131 3083 pro·

98 3082 211 3170 fugere
233 3083 386 3149 hortante
409 3093 443 3148 ct
460 3084 599 3169 jubente
621 3083 900 3171 Vercingetorige.
952 3083 1010 3149 ¹1d
1032 3085 1130 3147 silen-

98 3169 144 3233 tio
167 3170 275 3232 noctis
300 3170 408 3233 conati
430 3191 497 3233 non
517 3190 636 3254 magns
652 3171 785 3254 jactura
807 3191 941 3233 suorum
965 3191 1039 3234 sese
1055 3168 1130 3234 effe-

99 3263 212 3319 cturos
236 3257 423 3339 sperabant,
445 3262 624 3339 propterea
646 3253 738 3339 qnod
759 3276 867 3339 neque
884 3255 940 3318 lon
965 3277 983 3318 e
1005 3255 1046 3318 ab
1070 3276 1130 3337 op·

89 3339 178 3424 -pido
201 3351 312 3403 castra
345 3339 623 3424 Vercingetorigis
657 3340 801 3415 aberant,
836 3347 869 3402 ct
906 3276 1010 3422 palus,
1045 3360 1129 3423 quae

89 3434 260 3509 perpetua
282 3424 514 3497 intercedebat,
538 3424 706 3488 Romanos
729 3425 776 3487 ad·
795 3423 1035 3506 insequendum
1064 3432 1130 3486 tar·

99 3510 208 3573 dabat.
252 3509 390 3592 lamque
413 3509 478 3573 hoc
500 3508 609 3573 facere
635 3523 735 3573 noctu
764 3510 977 3593 apparabant,
1007 3508 1129 3591 ²qnum

98 3594 361 3658 matresfamiliae
383 3605 518 3679 repente
539 3595 573 3659 in
596 3587 765 3680 publicum
787 3600 1024 3677 procurrerunt
1051 3592 1128 3657 tlen-

99 3692 216 3763 tesque
239 3681 405 3764 projectae
429 3680 472 3744 ad
495 3679 599 3764 pedes
623 3700 759 3743 suorum
788 3680 939 3742 omnibus
974 3679 1128 3762 precibus

98 3767 277 3849 petierunt,
311 3787 352 3828 ne
385 3787 421 3828 se
455 3778 489 3828 et
528 3785 716 3828 communes
751 3763 873 3827 liberos
906 3764 1061 3827 hostibus
1085 3762 1129 3826 ad

99 3849 296 3935 supplicium
319 3850 487 3925 dederent,
510 3872 595 3933 quos
619 3849 664 3919 ad
685 3848 877 3934 capiendam
896 3847 1008 3937 lugam
1035 3862 1134 3919 natu„
