2468 4312
96 191 117 256 8
447 208 615 251 ansuino
638 208 775 251 caimoo

95 345 143 406 rei
159 343 312 427 populum
339 343 516 404 Romanum
543 363 604 404 esse
631 349 737 402 testae
788 338 858 402 Hoc
884 359 1029 422 responso
1057 337 1130 403 dato

96 428 236 490 discessit.

143 511 190 575 15.
235 510 378 574 Postero
402 509 455 573 die
478 515 587 572 castra
609 529 651 571 ex
684 529 723 571 eo
751 507 828 571 loco
861 514 1008 571 movent:
1041 505 1154 571 idem'

96 594 176 659 facit
198 593 320 658 Caesar
337 595 582 677 equitatumque
598 613 734 669 omnem,
758 591 821 655 ¹ad
843 613 1013 655 numerum
1036 600 1131 676 quat·

97 688 174 743 tuor
196 680 333 754 milium,
368 700 466 762 quem
488 700 528 740 ex
553 677 640 740 omni
661 677 832 760 provincia
854 685 887 739 et
908 675 1058 740 Haeduis
1082 685 1130 739 at

99 787 162 848 que
186 786 298 827 eorum
322 764 422 827 sociis
445 763 617 825 ²eoactum
639 761 797 840 habebat,
826 762 1019 845 praemittit,
1053 760 1131 843 ³qui

98 848 240 924 videant,
269 868 351 931 quas
373 848 408 911 in
429 855 540 932 partes
562 847 680 909 hostes
702 847 764 909 iter
786 844 914 908 faciant.
937 844 1024 924 ⁴Qui
1040 847 1130 929 eupi-

99 934 174 998 dius
196 933 413 996 novissimum
435 953 550 1017 agmen
571 932 711 994 insecuti
733 931 839 993 alieno
862 930 938 993 loco
951 951 1025 993 cum
1041 931 1131 1012 equi·

98 1027 170 1082 tatu
191 1017 419 1081 Helvetiorum
468 1017 606 1079 roelium
635 1017 853 1091 committunt3
883 1015 936 1078 ⁵et
963 1015 1059 1099 pauci
1089 1014 1131 1078 de

98 1104 223 1167 nostris
251 1103 381 1165 cadunt.
433 1039 507 1180 (Suo
536 1101 663 1185 proelio
692 1100 835 1163 “sublati
857 1099 1015 1174 Helvetii,
1039 1098 1131 1182 quod

100 1188 286 1272 quingentis
311 1187 475 1271 equitibus
498 1193 623 1249 tantam
644 1185 884 1248 multitudinem
897 1184 1042 1268 equitum
1053 1205 1132 1267 pro-

99 1272 265 1357 pulerant,
299 1271 476 1334 ⁷audacius
506 1271 700 1343 subsistere,
735 1270 989 1351 ⁸nonnunquam
1018 1275 1051 1330 et
1072 1290 1132 1331 no·

100 1357 236 1420 vissimo
263 1358 390 1441 agmine
413 1356 560 1439 ⁹proelio
589 1361 724 1427 nostros
753 1354 918 1416 lacessere
941 1360 1131 1437 coeperunt.

101 1441 222 1505 Caesar
246 1462 325 1503 suos
355 1463 374 1503 a
401 1439 528 1524 proelio
559 1439 747 1502 continebat
776 1459 814 1500 ac
843 1437 959 1500 ¹⁰satis
987 1437 1133 1501 habebat

99 1527 134 1589 in
155 1527 343 1610 praesentia
369 1525 501 1587 hostem
528 1524 666 1607 rapinis,
696 1523 963 1606 pabulationibus
992 1523 1132 1605 popula·

101 1611 312 1693 tionibusque
334 1609 519 1694 prohibere.
563 1609 614 1670 Ita
637 1607 708 1669 dies
732 1606 860 1669 circiter
873 1605 1058 1688 quindecim
1070 1607 1133 1669 iter

100 1695 263 1769 fecerunt,
291 1696 338 1758 uti
366 1695 451 1757 inter
478 1693 692 1757 novissimum
713 1691 859 1754 hostium
882 1712 997 1775 agmen
1020 1698 1053 1753 et
1073 1712 1133 1754 no-

102 1788 207 1842 strum
229 1780 366 1863 primum
390 1801 457 1842 non
479 1778 618 1862 amplius
642 1777 748 1860 quinis
772 1783 829 1838 aut
855 1775 943 1838 senis
967 1776 992 1814 ¹¹
1000 1775 1132 1839 milibus

102 1885 261 1948 passuum
283 1865 465 1926 interesset.
1027 1874 1030 1881 '

148 1948 196 2011 16.
240 1948 372 2010 interim
396 1947 542 2031 quotidie
571 1946 713 2010 ¹Cacsar
738 1945 898 2009 Haeduos
921 1945 1133 2020 frumentiun,

103 2031 196 2115 quod
219 2040 331 2095 essent
357 2033 489 2115 publice
518 2032 670 2115 polliciti,
699 2029 860 2116 flagitare:
888 2053 963 2093 nam
995 2031 1134 2114 propter

103 2115 254 2202 ²frigora,
279 2117 371 2199 quod
394 2115 501 2178 Gallia
523 2117 605 2179 ³sub
624 2115 914 2264 septentrionibus,
938 2123 975 2178 ut
997 2122 1073 2177 ante
1086 2114 1134 2177 di·

103 2211 192 2265 ctum
215 2209 279 2276 est,
302 2202 413 2284 posita
436 2208 494 2276 est,
516 2223 583 2264 non
605 2222 658 2263 mo

103 2294 178 2350 tura
199 2302 266 2349 non
290 2294 395 2360 erant,
419 2285 480 2349 sed
502 2307 543 2348 ne
565 2285 678 2369 pabuli
701 2285 833 2367 quidem
857 2285 981 2346 satism
1026 2305 1135 2346 naco·
1189 2293 1192 2299 '

103 2373 159 2456 pia
194 2371 405 2455 suppetebat:
440 2391 479 2432 eo
514 2379 623 2432 autem
654 2369 833 2444 frument0,
874 2368 966 2452 quod
983 2305 1135 2431 aiumine

103 2457 208 2520 Arare
229 2456 368 2519 navibus
393 2455 601 2527 subvexerat,
623 2463 801 2539 propterea
822 2454 869 2516 uti
893 2454 1018 2516 ⁵minus
1040 2462 1135 2536 pote·
1199 2519 1202 2526 ,

104 2549 169 2616 rat,
194 2539 285 2623 quod
306 2541 368 2602 iter
391 2540 432 2602 ab
455 2539 559 2602 Arare
580 2539 725 2602 Helvetii
747 2546 947 2612 averterant,
971 2559 990 2600 a
1014 2538 1134 2620 quibus

106 2624 278 2688 discedere
299 2624 442 2687 nolebat.
465 2623 559 2687 Diem
572 2645 613 2686 ex
631 2624 684 2686 die
707 2623 847 2686 ⁶duccre
869 2622 1014 2696 Haedui3
1037 2622 1135 2684 ⁷con·

104 2709 197 2784 serii,
220 2709 427 2792 comportari,
462 2708 580 2772 adesse¹
604 2708 721 2771 dicere.
765 2706 830 2770 Ubi
854 2728 890 2769 se
913 2706 1035 2769 diutius
1060 2706 1136 2769 duci

105 2793 268 2856 intellexit
290 2801 323 2855 et
346 2791 430 2855 diem
456 2793 593 2866 instare,
622 2792 709 2875 ⁸quo
733 2790 786 2854 die
808 2789 1006 2854 frumentum
1028 2791 1136 2853 militi-

105 2879 168 2941 bus
191 2877 297 2939 metiri
326 2885 509 2961 oporteret,
547 2877 737 2940 convocatis
771 2897 885 2938 eorum
916 2875 1135 2959 principibus,

108 2983 249 3045 quorum
270 2981 419 3045 magnam
441 2963 569 3045 copiam
591 2962 625 3023 in
648 2962 765 3024 castris
776 2960 928 3035 habebat,
953 2961 986 3022 in
1008 2959 1060 3021 his
1078 2959 1137 3022 Di-

107 3048 225 3109 vitiaco
250 3052 283 3108 et
305 3045 418 3120 Lisco,
449 3048 505 3129 qui
533 3046 893 3130 summo-magistratui
920 3053 1073 3128 praeerat
1097 3081 1133 3090 -

105 3130 225 3215 lquern
246 3129 491 3214 Vergobretum
513 3131 681 3214 appellant
702 3129 841 3204 Haedui,
865 3130 921 3212 qui
936 3137 1066 3191 creatur
1081 3149 1137 3191 an·

105 3237 191 3278 nuus
216 3221 250 3277 et
272 3215 358 3278 vitae
386 3216 542 3298 necisque
570 3216 604 3277 in
632 3236 712 3278 suos
742 3215 841 3278 habet
873 3220 1074 3297 potestatem
1098 3249 1133 3260 -

106 3299 250 3385 graviter
274 3319 332 3361 eos
356 3307 502 3375 accusat,
527 3298 633 3383 quod,
662 3320 763 3383 quum
789 3320 896 3381 neque
925 3298 1001 3372 emi,
1028 3318 1138 3381 neque

107 3407 149 3448 ex
171 3385 258 3468 agris
282 3384 366 3446 sumi
387 3393 513 3467 posset,
537 3384 636 3447 ¹⁰tam
657 3383 844 3447 necessario
874 3390 1037 3466 tempore,
1070 3389 1138 3444 tam

48 3528 51 3533 ,
107 3469 303 3553 propinquis
326 3467 490 3544 hostibus,
514 3470 554 3533 ab
577 3470 618 3531 iis
640 3467 920 3540 nonsublevetur‚
943 3467 1138 3550 praesertim

107 3573 208 3635 quum
230 3574 347 3636 magna
370 3573 410 3615 ex
433 3561 527 3637 parte
550 3574 663 3616 eorum
692 3553 846 3637 precibus
881 3550 1046 3614 adductus
1068 3549 1138 3613 bel-

107 3638 175 3700 lum
198 3637 396 3720 susceperim
427 3639 532 3702 multo
557 3638 654 3701 etiam
681 3639 828 3722 grauns,
862 3635 954 3718 quod
981 3635 1025 3698 sit
1047 3634 1073 3673 ¹¹
1082 3634 1139 3697 de·
1189 3658 1193 3665 ·

108 3722 252 3796 stitutus,
276 3721 430 3803 queritur.

154 3805 202 3869 17.
246 3803 334 3868 Tum
356 3805 485 3871 demum
496 3806 614 3871 Liscus
627 3806 775 3871 oratione
791 3803 941 3869 Caesaris
964 3801 1139 3876 adductus

686 2223 705 2262 o
728 2198 890 2262 frumenta
911 2200 945 2262 in
968 2200 1054 2284 agris
1068 2220 1134 2262 ma·
