2468 4312
296 257 356 301 um.
378 258 423 300 111.
458 257 527 300 car.
540 233 581 301 23
606 273 643 284 -
668 257 728 300 nm.
745 258 788 301 ιν.
823 258 892 301 oar.
917 237 944 302 1.
1095 238 1136 304 55

100 389 170 476 jam
192 398 302 454 aestas
326 399 404 466 erat,
427 398 545 467 tamen,
567 389 659 474 quod
681 390 768 454 omni
792 389 900 455 Gallia
924 397 1043 476 pacata
1063 392 1138 456 Mo·

104 476 166 540 riui
194 475 404 560 Menapiique
432 484 636 560 supererant
665 475 741 559 ¹qui
768 476 802 539 in
824 477 922 540 armis
946 485 1059 541 essent
1080 499 1138 541 ne·

105 581 170 645 que
192 560 237 624 ad
260 582 333 624 eum
355 582 499 645 unquam
532 561 662 646 legatos
685 559 727 624 de
748 583 832 645 pace
852 562 1030 637 misissent,
1052 563 1137 627 arbi·

104 652 220 719 tratis,
242 645 278 708 id
299 646 423 710 bellum
437 646 587 710 celeriter
602 646 718 709 confici
739 667 851 730 posse,
873 646 935 710 ²eo
958 649 1138 711 exercitum

104 727 260 794 adduxit:
284 732 340 814 qui
362 732 461 816 longe
484 731 547 794 alia
568 731 704 806 ratione,
727 751 765 794 ac
787 731 905 814 reliqui
928 730 1024 808 Galli,
1047 732 1137 796 ³bel·

103 814 172 878 lum
194 837 310 899 gerere
332 823 523 900 coeperunt
566 817 652 881 Nam
674 816 768 899 quod
788 816 1024 901 intelligebant,
1036 817 1137 880 maxi·

102 920 174 963 mas
197 902 356 976 nationes,
380 922 465 984 quae
487 901 615 984 proelio
642 900 899 976 contendissent,
932 903 1047 986 pulsas
1082 925 1137 966 su·

128 992 304 1070 cratesque
327 1007 411 1061 esse,
434 986 707 1068 continentesque
730 986 831 1049 silvas
854 1007 893 1050 ac
914 986 1055 1071 paludes
1078 987 1137 1050 ha·

102 1006 235 1144 debant,
269 1093 309 1135 eo
343 1092 380 1135 se
408 1091 535 1154 suaque
568 1071 676 1135 omnia
698 1072 917 1134 contulerunt.
959 1072 1034 1135 ⁴Ad
1057 1093 1137 1154 qua·

102 1176 176 1218 rum
197 1155 323 1219 initium
346 1157 502 1219 silvarum
525 1176 626 1239 quum
648 1154 771 1219 Caesar
793 1156 997 1240 pervenisset
1012 1166 1137 1220 castra-

103 1259 168 1322 que
191 1243 317 1305 munire
337 1239 537 1305 instituisset
547 1261 654 1324 neque
666 1240 774 1304 hostis
784 1241 913 1304 interim
928 1241 1020 1304 visus
1036 1250 1136 1316 esset,

103 1323 266 1408 dispersis
288 1327 323 1390 in
344 1346 446 1410 opere
467 1326 592 1390 nostris
614 1326 725 1390 subito
749 1347 792 1389 ex
813 1326 965 1389 omnibus
978 1328 1136 1474 partibus

102 1409 208 1473 silvae
240 1411 457 1474 evolaverunt
489 1418 524 1473 et
555 1411 589 1473 in
621 1418 756 1473 nostros
789 1410 946 1494 impetum
993 1420 1134 1475 ecerunt.

102 1482 220 1560 Nostri
242 1497 392 1560 celeriter
414 1516 505 1558 arma
526 1505 685 1578 ceperunt
707 1516 833 1579 cosque
854 1496 888 1558 in
914 1496 1015 1559 silvas
1038 1518 1136 1580 repu-

101 1579 213 1643 lerunt
236 1581 290 1644 ⁷et
312 1580 537 1663 compluribus
560 1579 740 1643 interfectis
769 1581 901 1663 longius
923 1580 1136 1665 impeditiori-

101 1665 166 1728 bus
190 1664 272 1730 locis
295 1665 400 1728 secuti
421 1686 548 1749 paucos
572 1685 614 1727 ex
636 1665 705 1728 suis
729 1664 994 1749 deperdiderunt
1122 1720 1125 1725 .

146 1749 197 1814 29.
242 1750 412 1833 lReliquis
435 1749 592 1832 deinceps
625 1748 742 1815 diebus
777 1748 898 1813 Caesar
932 1750 1034 1813 silvas
1063 1772 1135 1815 cae·

102 1832 183 1898 dere
204 1836 345 1899 instituit
368 1842 409 1910 ot,
431 1835 492 1899 ²ne
516 1835 590 1918 quis
612 1834 790 1897 inermibus
806 1834 1135 1919 imprudentibusque

101 1919 258 1984 militibus
282 1922 324 1984 ab
346 1920 450 1983 latere
471 1921 614 2003 impetus
648 1918 719 1982 fieri
744 1928 868 2002 posset,
903 1941 1032 1983 omnem
1064 1941 1136 1983 eam

101 2007 277 2080 materiam,
300 2025 385 2088 quae
408 2011 479 2068 erat
500 2025 605 2079 caesa,
628 2025 820 2068 conversam
833 2004 1135 2068 adhosterncollo·

102 2091 200 2154 cabat
221 2099 256 2154 et
278 2111 340 2173 pro
363 2089 452 2152 vallo
475 2089 519 2152 ad
540 2097 717 2172 utrumque
738 2088 825 2152 latus
853 2091 1053 2153 exstruebat
1082 2091 1135 2153 ln·

102 2173 252 2240 credibili
274 2174 442 2238 celeritate
474 2195 593 2258 magno
628 2173 738 2257 spatio
760 2174 875 2257 paucis
909 2173 1026 2237 diebus
1056 2195 1135 2237 con·

101 2256 200 2333 fecto,
222 2281 323 2342 quum
340 2259 409 2342 jam
431 2279 534 2342 pecus
559 2268 659 2342 atque
682 2267 827 2322 extrema
848 2257 1080 2342 impedimenta
1092 2261 1133 2322 ab

100 2345 226 2407 nostris
249 2352 447 2418 tenerentur,
469 2344 533 2427 ipsi
556 2343 729 2407 densiores
753 2343 854 2405 silvas
866 2351 1024 2427 peterent
1047 2344 1134 2426 ejus·

101 2428 192 2492 modi
213 2437 292 2492 sunt
312 2436 527 2512 tempestates
550 2437 756 2502 consecutae,
778 2428 826 2490 uti
848 2449 934 2511 opus
946 2428 1133 2491 necessario

100 2513 369 2577 intermitteretur
397 2523 431 2576 et
460 2514 706 2579 continuatione
728 2513 877 2576 imbrium
901 2512 1024 2576 diutius
1048 2513 1133 2576 ⁴sub

99 2598 244 2682 pellibus
267 2599 386 2662 milites
410 2599 568 2662 contineri
600 2620 667 2662 non
693 2606 841 2683 possent.
885 2597 1001 2681 Itaque
1023 2607 1133 2662 vasta·

99 2684 143 2746 tis
167 2684 319 2747 omnibus
342 2704 456 2747 eorum
477 2684 575 2767 agris,
609 2684 690 2745 vicis
724 2681 948 2765 aedificiisque
980 2682 1132 2757 incensis,

100 2766 223 2832 Caesar
247 2769 426 2831 exercitum
447 2768 581 2832 reduxit
609 2777 642 2831 et
669 2768 703 2831 in
724 2767 875 2830 Aulercis
901 2766 1133 2848 Lexoviisque‚

99 2853 235 2938 reliquis
264 2854 341 2915 item
375 2853 572 2926 civitatibus,
595 2853 701 2937 ⁵quae
726 2852 864 2916 maxime
891 2852 1015 2918 bellum
1047 2850 1133 2916 fece·

100 2947 183 3013 rant,
206 2938 240 3001 in
261 2937 408 3002 hibernis
432 2938 618 3004 collocavit.

469 3278 661 3344 LIBER
696 3277 759 3344 IV.

145 3449 172 3514 l.
216 3449 275 3522 Ea,
299 3471 384 3533 quae
407 3457 593 3525 secutaest,
615 3450 731 3524 hieme,
754 3447 1020 3531 ¹quifuitannus
1037 3447 1131 3512 Gneo

98 3532 270 3618 Pompejo,
305 3533 439 3598 ²Marco
468 3532 591 3598 Crasso
624 3534 826 3606 consulibus,
859 3531 1016 3616 Usipetes
1051 3531 1133 3597 Ger·

99 3620 185 3683 mani
208 3629 242 3683 et
263 3621 340 3682 item
363 3618 518 3682 Tencteri
539 3641 658 3703 magna
690 3641 762 3682 oum
796 3617 1003 3682 multitudine
1028 3618 1132 3681 homi·

98 3726 176 3768 num
198 3703 319 3768 flumen
342 3703 494 3768 Rhenum
515 3705 724 3779 transierunt,
758 3725 824 3767 non
856 3703 957 3787 longo
989 3725 1009 3766 a
1041 3703 1131 3778 mari,

99 3808 167 3871 quo
190 3789 328 3852 Rhenus
350 3788 464 3852 influit.
516 3788 624 3853 Causa
645 3788 837 3853 transeundi
860 3787 930 3862 fuit,
964 3788 1056 3872 quod
1089 3790 1131 3852 ab

99 3873 219 3940 Suavis
243 3875 431 3959 complures
454 3895 559 3938 annos
588 3875 743 3960 exagitati
777 3875 866 3939 bello
899 3876 1132 3959 premebantur
