2468 4312
440 228 501 270 ua.
523 228 544 271 1.
589 227 658 271 cae.
681 205 816 272 42-44.
1099 210 1140 276 23

108 381 203 510 Χοιυκιη
225 381 321 446 nepae
342 359 460 424 udiuun
473 381 583 458 'neque
604 382 731 423 causum
747 360 931 446 postulandi
943 364 1063 445 ustam
1084 362 1140 427 lta·

128 456 197 525 eret,
231 446 373 534 beneficio
396 467 434 509 ac
455 445 637 509 iiberalitate
656 466 715 508 sua
738 468 775 510 ac
795 457 918 510 senatus
939 471 976 511 ea
992 450 1141 533 praemia

106 541 306 594 cancamum.
339 529 493 594 Docebat
515 530 620 605 etiam,
643 552 736 616 mam
752 542 862 594 acures
873 554 1024 618 mamque
1036 535 1141 616 justae

106 638 222 680 causae
253 615 481 678 necessitudines
516 616 592 699 ipsis
627 637 697 678 cun
732 616 873 680 Haeduis
909 618 1141 702 intercederent,-

105 701 209 788 ⁸quae
239 711 362 764 senatus
396 700 533 764 consulta
566 702 703 800 quotiens
730 723 882 788 quamam
908 702 1079 793 limioriflca
1106 704 1141 766 in

106 807 158 850 eos
170 787 263 872 facta
285 795 395 868 essait5
416 785 471 848 ⁹ut
490 808 575 848 unni
596 796 729 870 tempore
750 789 839 850 totius
868 786 994 852 Galliae
1016 790 1139 872 princi-

99 882 217 957 patum
237 871 365 936 Haedui
386 873 553 950 munissent,
573 873 666 954 prius
681 874 780 952 etiam,
846 895 898 935 am
908 885 1046 937 nostrum
1060 875 1139 937 ami·

105 958 213 1020 citiam
235 958 424 1040 appetissent.
469 955 621 1040 ¹⁰Popuii
641 958 779 1020 Romani
820 980 881 1020 unc
901 982 961 1022 esse
984 970 1138 1022 cousuetu-

105 1043 217 1122 dinan,
239 1052 274 1104 ut
292 1042 390 1104 socios
422 1052 511 1127 atque
533 1044 647 1105 amicos
668 1064 731 1104 non
751 1042 841 1105 modo
862 1046 912 1106 sui
932 1044 1012 1106 nihil
1031 1045 1139 1129 deper-

106 1127 191 1207 dere,
224 1126 278 1190 sed
301 1128 421 1210 pratia,
455 1127 615 1210 dipuitate,
648 1127 762 1190 honore
790 1130 939 1191 auctiores
966 1130 1036 1192 uelit
1062 1153 1139 1192 esse:

105 1212 132 1251 ¹¹
140 1210 223 1298 quod
242 1233 314 1274 aero
337 1211 380 1274 ad
401 1213 570 1275 amicitiam
620 1212 707 1296 apuli
727 1214 865 1276 Romani
897 1214 1075 1293 attulissent,
1105 1214 1140 1277 id

105 1298 145 1361 iis
172 1298 254 1381 erupi
285 1297 354 1382 quis
380 1298 453 1380 pati
479 1235 619 1381 possetf
632 1297 821 1361 Postulavit
854 1296 974 1361 deinde
1008 1298 1138 1373 eadem,

106 1381 226 1466 ¹²quao
248 1381 366 1466 legatis
388 1381 422 1444 in
443 1381 607 1445 mandatis
631 1380 777 1456 dederat,
800 1405 838 1444 ne
860 1383 1069 1446 autHaeduis
1084 1395 1140 1453 aut

104 1488 211 1530 conon
231 1467 322 1529 sociis
344 1466 454 1530 bellun
475 1467 618 1553 inserret5
640 1467 756 1530 obsides
766 1468 920 1549 redderet‚·
943 1468 1004 1531 ¹³si
1018 1469 1137 1532 nullam

99 1563 225 1637 partem
248 1550 474 1615 Germanorum
495 1553 619 1615 domum
639 1554 789 1615 remittere
804 1564 920 1637 posset,
951 1565 984 1617 at
1003 1578 1042 1618 ne
1063 1576 1138 1640 quos

104 1637 240 1786 Ἥίτιε
259 1638 402 1700 Rsenmn
422 1640 555 1701 transire
570 1647 738 1723 pateretur.

190 1771 198 1785 .
243 1721 431 1785 Ariovistus
455 1722 499 1786 ad
521 1723 691 1807 postulata
713 1721 864 1785 Caesaris
880 1743 987 1807 pauca
997 1744 1136 1806 respon·

104 1806 161 1882 dit,
185 1805 249 1869 l‹le
278 1807 348 1869 suis
378 1807 554 1872 virtutibus
588 1808 692 1870 multa
723 1806 940 1890 praedicant:
979 1810 1137 1872 Transisse

102 1892 247 1957 aunum
266 1915 329 1955 sese
349 1914 412 1955 non
438 1915 497 1955 sua
523 1904 641 1977 monn,
670 1893 724 1954 sed
749 1903 890 1975 ropatum
912 1903 940 1955 et
960 1897 1137 1958 arcessitmn

103 2002 124 2040 a
148 1977 270 2058 Galim
291 1999 354 2040 non
374 1978 440 2040 sine
453 2001 569 2061 mapna
579 2001 633 2062 spe
642 1979 821 2063 mapnisque
836 1981 991 2063 praemiis
1012 1979 1136 2043 mutum

96 2065 352 2148 propinquosque
372 2063 546 2148 reliquisse;
573 2063 655 2126 sedes
676 2063 788 2126 tabere
809 2065 843 2126 in
867 2063 975 2127 Gallia
998 2066 1037 2128 ab
1059 2067 1136 2150 ipsis

103 2169 267 2227 cumesses,
290 2146 407 2212 obsides
428 2151 567 2232 ipsorum
588 2148 740 2210 uoluntate
761 2147 865 2230 datos;
885 2151 1071 2233 stipendium
1083 2173 1134 2214 aa·

97 2255 177 2318 pere
190 2234 265 2315 jure
287 2232 370 2312 beili,
400 2233 485 2319 quod
509 2235 635 2297 cicures
662 2234 747 2295 victis
768 2235 924 2318 imponere
946 2237 1135 2319 comuerint5

101 2340 166 2383 non
186 2340 248 2380 sese
272 2316 381 2398 Gallis,
402 2318 457 2382 sed
479 2317 588 2382 Gallos
614 2319 673 2381 sibi
701 2318 811 2380 bellum
839 2319 991 2401 intulisse;
1013 2320 1135 2384 ²omnes

104 2403 231 2468 Galliac
252 2404 385 2466 nonnus
407 2404 451 2467 ad
470 2427 501 2467 se
522 2403 766 2488 oppupnandum
786 2406 901 2467 uenuse
923 2427 961 2467 ac
982 2417 1089 2468 contra
1102 2428 1135 2468 se

104 2499 206 2552 castra
226 2487 385 2552 habuisse:
407 2513 459 2552 eas
481 2511 583 2552 omnes
604 2490 711 2572 copias
732 2513 753 2552 a
774 2512 805 2551 se
826 2510 887 2551 uno
904 2490 1026 2573 proelio
1038 2490 1134 2576 finus

104 2597 143 2638 ac
161 2583 325 2657 menas
346 2596 415 2636 esse.
465 2574 503 2638 Si
529 2577 639 2637 iterum
666 2575 803 2656 euperiri
834 2574 938 2654 uelint,
972 2599 1003 2638 se
1024 2576 1134 2638 itemuu

97 2668 251 2743 paratum
272 2681 333 2721 esse
354 2657 525 2740 decertare‚·
545 2661 574 2721 si
589 2681 672 2743 pace
698 2661 744 2720 uti
771 2659 875 2738 uelint,
905 2660 1045 2746 iniquum
1073 2685 1134 2725 esse

102 2743 140 2805 de
160 2743 311 2826 stipendio
332 2765 482 2824 recusare,
506 2744 609 2830 ³quod
638 2767 698 2806 sua
724 2743 876 2806 uoluntate
898 2744 942 2807 nd
961 2746 996 2808 id
1016 2757 1133 2830 ternpus

97 2827 309 2913 pependerint.
358 2830 537 2893 Amicitiam
563 2829 678 2914 populi
704 2831 842 2892 Rauen
869 2830 928 2893 sibi
955 2843 1132 2894 ornamento

102 2924 131 2976 et
145 2913 321 2997 praesidio,
344 2934 407 2975 non
428 2914 604 2977 detrimento
636 2937 698 2977 esse
729 2925 881 2997 oportere,
909 2915 1022 3001 ⁴idque
1042 2939 1074 2979 se
1095 2939 1132 2980 eu

101 3020 156 3082 epe
171 2999 290 3081 petisse.
335 2996 373 3060 Si
388 3021 450 3082 per
472 2999 627 3083 populum
652 3000 830 3062 Romanum
852 2999 1055 3084 ⁵stcpendicun
1082 3024 1131 3064 re-

100 3085 239 3147 mittatur
260 3093 289 3146 et
307 3081 443 3147 dediticii
462 3083 696 3161 subnotantur,
719 3106 782 3146 non
802 3086 904 3147 minus
925 3085 1050 3150 libenter
1070 3109 1132 3149 sese

100 3178 312 3230 renuatur-tun
327 3169 442 3253 populi
462 3171 600 3233 Rornani
628 3170 810 3248 amicitiam,
839 3191 933 3254 mam
961 3172 1130 3255 appetierit.

103 3252 194 3332 Qiiod
211 3253 437 3317 meritincdinem
459 3254 687 3318 Germanorum
708 3255 742 3316 in
766 3253 904 3317 Galliam
926 3256 1074 3335 traducat,
1097 3255 1133 3318 id

99 3359 131 3400 se
151 3339 202 3400 sui
221 3336 387 3417 mentiendi,
410 3362 472 3402 raon
496 3338 621 3403 Galliae
642 3339 873 3422 impupnandae
895 3362 992 3404 causa
1003 3340 1131 3426 facere:

100 3424 165 3504 ejus
185 3424 232 3484 rei
253 3424 420 3486 testimonio
442 3447 510 3502 esse,
533 3425 616 3510 quod
636 3423 718 3486 “nisi
738 3435 864 3507 ropatus
884 3447 947 3487 non
968 3426 1083 3486 uenerit
1104 3434 1132 3487 et

99 3507 183 3594 quod
203 3507 315 3570 bellum
341 3530 404 3571 non
432 3509 579 3589 intulerit,
613 3509 667 3572 sed
693 3509 866 3593 defenderit.
917 3509 958 3572 Se
980 3511 1075 3592 prius
1095 3511 1130 3572 in

101 3591 242 3657 Galliam
268 3594 397 3673 senine,
425 3616 519 3680 quam
541 3594 696 3678 poputum
717 3596 902 3658 Romanum.
956 3596 1130 3680 Mcnquam

99 3687 170 3741 ante
190 3676 247 3740 hoc
268 3688 385 3762 tenipus
405 3680 570 3741 enercitmn
595 3679 710 3762 populi
736 3681 875 3743 Romani
903 3678 1029 3742 Galliae
1050 3702 1128 3763 pro·

98 3763 219 3825 undae
240 3761 371 3850 'finibus
391 3785 548 3845 epressrun.
593 3763 699 3840 ⁸Qutd
718 3765 778 3826 sibi
798 3764 894 3844 uellet,
925 3787 981 3828 cur
1000 3767 1035 3827 in
1055 3787 1130 3828 suas

93 3849 298 3932 passuum
316 3847 450 3912 veniret
470 3848 670 3912 Provinciam
689 3869 779 3913 suam
799 3849 881 3914 tanc
901 3873 962 3914 esse
974 3849 1128 3931 Galliam,
