2468 4312
135 230 176 296 52
490 253 533 294 nn
554 251 658 296 runco
682 248 819 293 onumen

134 387 179 448 tia
202 391 296 470 parte
319 382 446 448 Galliae
469 394 521 447 est
543 381 754 457 aestimanda,
776 381 897 465 ²quum
919 380 1116 467 intelligeret
1136 383 1170 446 in

134 471 187 535 his
211 471 294 534 locis
319 469 381 532 sibi
403 469 527 531 bellum
548 466 738 551 gerendum,
760 467 816 529 ubi
838 467 954 550 paucis
977 476 1052 530 ante
1075 468 1169 532 annis

134 555 172 620 L.
195 555 350 618 Valerius
375 553 599 617 Praeconinus
622 553 751 636 legatus
775 554 920 615 exercitu
943 553 1042 635 pulso
1071 554 1171 616 inter·

127 640 241 704 'fectus
266 647 365 713 esset,
388 649 486 722 atque
508 637 597 700 unde
619 637 656 701 L.
679 637 812 700 Mallius
829 639 1010 720 proconsul
1033 638 1170 721 impedi-

135 726 253 788 mentis
277 724 407 787 amissis
431 723 643 808 profugisset,
666 723 752 785 ⁴non
775 722 973 785 mediocrem
1000 723 1061 785 sibi
1097 723 1170 787 dili-

135 811 276 895 gentiam
299 808 519 872 adhibendam
542 807 754 892 intelligebat.
811 808 926 890 Itaque
958 829 994 870 re
1027 807 1170 871 frumen·

134 896 218 958 taria
241 895 384 978 provisa,
408 893 557 956 ⁵auxiliis
588 914 605 954 e
631 893 801 975 uitatuque
824 900 1024 975 comparate,
1057 894 1169 956 multis

135 988 309 1064 praeterea
331 979 411 1042 viris
434 977 576 1041 fortibus
599 914 728 1040 dolosa
740 986 772 1039 et
783 978 948 1052 Narbone,
971 977 1075 1061 ⁷quae
1092 988 1171 1041 sunt

136 1065 285 1128 civitates
311 1063 436 1126 Galliae
459 1063 648 1146 provinciae
670 1062 832 1136 finitimae,
862 1062 926 1125 ⁸ex
953 1062 1006 1125 his
1028 1064 1170 1148 regioni·

135 1151 200 1213 bus
223 1149 412 1213 nominatim
436 1148 582 1210 evocatis
604 1148 638 1209 in
666 1146 852 1210 Sontiatum
878 1145 961 1209 lines
991 1149 1170 1210 exercitum

136 1232 329 1296 introduxit.
381 1231 484 1318 Cujus
510 1231 656 1295 adventu
685 1232 817 1316 cognito
846 1232 1013 1295 Sontiates
1043 1234 1169 1317 magnis

137 1318 242 1402 copiis
255 1319 379 1381 coactis
398 1317 621 1401 equitatuque,
644 1337 710 1400 quo
733 1316 907 1400 plurimum
931 1317 1093 1391 valebant,
1117 1317 1171 1380 ⁹in

67 1422 70 1427 ·
137 1403 252 1466 itinere
274 1422 390 1488 agmen
413 1410 564 1464 nostrum
587 1401 695 1464 adorti
722 1402 862 1483 primum
890 1410 1044 1484 equestre
1073 1423 1170 1486 proe-

136 1488 215 1551 lium
239 1488 487 1550 commiserunt:
517 1485 636 1549 deinde
670 1488 817 1568 equitatu
846 1507 908 1549 suo
937 1487 1035 1570 pulso
1069 1495 1170 1570 atque

137 1573 388 1655 insequentibus
411 1571 534 1634 nostris
559 1571 669 1634 subito
692 1570 867 1654 pedestres
891 1571 1014 1653 copias,
1037 1572 1170 1653 quasin

139 1657 289 1719 convalle
322 1657 357 1719 in
388 1656 516 1718 insidiis
550 1655 809 1728 collocaverant,
847 1655 1071 1718 ostenderunt
1126 1656 1170 1718 Hi

137 1749 272 1805 nostros
297 1741 456 1825 disjectos
479 1740 588 1804 adorti
610 1740 772 1824 proelium
793 1749 1003 1803 renovarunt.

182 1825 232 1888 21.
275 1825 461 1910 Pugnatum
485 1833 536 1888 est
559 1825 616 1888 diu
638 1833 737 1910 atque
759 1827 886 1898 acriter,
915 1846 1014 1908 quum
1040 1824 1170 1888 Sontia·

138 1918 188 1972 tes
213 1912 438 1993 superioribus
462 1911 608 1974 victoriis
641 1909 715 1973 freti
748 1911 781 1972 in
816 1931 876 1973 sua
907 1911 1029 1972 virtute
1067 1911 1169 1973 totius

137 1994 334 2077 Aquitaniae
368 1995 507 2057 salutem
540 1996 683 2079 positam
716 2003 880 2079 putarent,
912 1995 1018 2057 nostri
1052 2006 1170 2068 autem,

139 2079 219 2162 quid
242 2080 312 2142 siue
334 2080 531 2164 imperatore
544 2088 577 2143 et
595 2081 666 2143 sine
689 2080 825 2164 reliquis
848 2079 1033 2164 legionibus
1057 2078 1170 2142 adole-

138 2165 288 2227 scentulo
313 2163 396 2227 duce
420 2163 549 2227 efficere
572 2175 718 2250 possent,
738 2165 880 2249 perspici
904 2176 1077 2248 cuperent:
1101 2165 1171 2227 ²ta-

137 2270 212 2314 men
225 2248 363 2313 confecti
374 2251 566 2314 vulneribus
585 2251 701 2314 hostes
723 2258 816 2334 terga
839 2259 975 2312 vertere.
1022 2249 1171 2328 Quorum

138 2355 255 2419 magno
278 2357 413 2399 numero
436 2335 608 2398 interfecto
632 2334 772 2398 Crassus
797 2357 837 2398 ex
862 2335 976 2398 itinere
1011 2335 1171 2419 oppidum

138 2419 323 2482 Sentiatum
347 2441 539 2506 oppugnare
562 2422 680 2505 coepit.
725 2420 854 2499 Quibus
877 2419 1006 2483 fortiter
1016 2421 1172 2483 resisten-

137 2503 226 2566 tibus
250 2506 362 2567 vineas
386 2515 561 2588 turresque
586 2507 660 2590 egit.
710 2505 762 2569 llli
791 2505 872 2568 alias
904 2506 1075 2589 eruptione
1102 2514 1172 2567 ten·

137 2596 214 2661 tata,
238 2589 319 2652 alias
343 2591 501 2653 cuniculis
525 2591 568 2654 ad
591 2612 742 2676 aggerem
766 2591 944 2673 vineasque
960 2592 1052 2664 artie,
1076 2591 1181 2674 cujus

137 2675 184 2736 rei
214 2686 291 2737 suut
323 2675 420 2760 longe
450 2675 639 2758 peritissimi
672 2676 835 2758 Aquitani,
868 2684 1046 2759 propterea
1079 2675 1173 2759 quod

137 2758 248 2821 multis
272 2760 355 2822 locis
379 2760 469 2844 apud
492 2782 550 2823 eos
573 2761 737 2823 ⁵aerariae
760 2771 975 2844 secturaeque
997 2768 1082 2836 sunt,
1116 2761 1173 2824 ubi

139 2841 306 2928 diligentia
329 2854 517 2908 nostrorum
541 2845 621 2909 uiliil
644 2845 696 2908 his
719 2847 819 2909 rebus
845 2846 962 2928 profici
988 2867 1092 2930 posse
1125 2847 1172 2908 in·

138 2929 344 3004 tellexerunt,
367 2931 495 3016 legatos
518 2931 562 2994 ad
578 2930 735 2994 Crassum
752 2932 885 2994 mittunt
900 2952 1001 3014 seque
1024 2932 1055 2993 in
1081 2930 1173 2993 dedi-

138 3014 259 3077 tionem
291 3026 329 3078 ut
360 3016 506 3100 recipiat,
527 3024 654 3100 petunt.
713 3014 845 3095 Quare
877 3016 1051 3100 impetrata
1084 3037 1174 3079 arma

138 3099 269 3163 tradere
285 3101 374 3184 jussi
396 3099 528 3164 faciunt.

182 3183 232 3250 22.
278 3187 503 3269 ¹Atqueinea
524 3208 561 3249 re
584 3186 727 3249 omnium
748 3194 937 3249 nostrorum
960 3186 1092 3249 intentis
1105 3187 1173 3249 ani·

138 3269 199 3337 mis
224 3272 287 3335 alia
310 3293 351 3333 ex
374 3280 467 3356 parte
491 3271 606 3356 oppidi
622 3271 839 3346 Adiatunnus,
863 3272 919 3355 qui
942 3292 1099 3334 summam
1114 3272 1172 3334 iru-

137 3355 220 3440 perii
241 3357 384 3431 tenebat,
408 3379 481 3423 cum
505 3359 670 3419 sexcentis
695 3355 835 3431 devotis
858 3377 944 3438 quos
967 3357 1014 3419 illi
1037 3356 1172 3420 ²s01du-

138 3440 207 3503 rios
230 3442 409 3526 appellant,
435 3479 470 3496 ω
497 3463 637 3524 quorum
659 3441 742 3507 haec
765 3449 817 3504 est
840 3442 994 3515 conditi0,
1017 3449 1055 3504 ut
1070 3444 1173 3505 omui·

138 3525 201 3587 bus
224 3527 258 3589 in
279 3527 347 3589 vita
370 3527 552 3590 commodis
575 3548 641 3590 una
663 3549 736 3593 cuin
759 3526 811 3593 his
828 3525 986 3596 fruantur,
1010 3527 1172 3609 ³quorum

139 3630 176 3671 se
199 3611 356 3675 amicitiae
380 3611 580 3689 dediderint3
610 3613 661 3674 ‘si
686 3611 765 3695 quid
789 3612 841 3674 his
864 3612 1012 3696 pervim
1035 3613 1172 3687 accidat,

139 3703 195 3757 aut
218 3696 358 3760 eundem
380 3718 491 3760 casum
514 3717 580 3759 una
602 3694 709 3759 ferant
744 3705 801 3760 aut
834 3697 897 3760 sibi
933 3706 1070 3761 mortem
1094 3719 1172 3759 con·

140 3779 298 3855 sciscant3
321 3803 428 3865 neque
451 3781 560 3845 adbuc
583 3781 750 3850 hominurn
772 3782 928 3850 memoria
949 3790 1101 3865 repertus
1120 3790 1172 3846 est

141 3862 321 3948 quisquam,
346 3867 401 3952 qui
424 3888 463 3931 eo
486 3865 667 3942 interfecto,
691 3867 786 3952 cujus
813 3888 850 3933 se
878 3867 1036 3933 amicitiae
1069 3866 1172 3931 devo-
