2468 4312
101 209 161 277 100
448 233 491 274 nr
513 232 616 276 eruco
639 232 777 276 eserico

101 369 307 453 remotusque
319 363 524 452 sortiturum
545 366 670 430 demeum
691 387 754 429 aaa
781 365 995 428 devocaturum
1023 376 1051 428 et
1071 387 1133 450 po·

97 464 176 518 atero
199 453 249 516 dte
317 454 376 514 'mu
398 451 464 514 tuce
485 462 588 517 costra
608 461 768 515 mutemur.
813 449 970 512 Celeriter
991 450 1074 514 haec
1090 450 1135 515 ad

98 538 217 603 hostes
251 475 452 612 delimatur,
484 536 607 605 ⁴utex
628 558 746 622 magno
781 533 953 599 Gallorum
987 538 1134 619 equitum

99 645 235 688 numero
257 622 436 686 nonnullos
461 620 577 686 Gallos
601 622 736 687 Gallicis
758 622 859 685 rebus
881 619 993 684 favere
1015 637 1135 686 natura

100 732 140 774 co
165 711 249 774 ebat.
294 708 460 771 Labienus
488 717 590 770 noctu
618 708 757 772 tribunis
786 706 923 769 militum
952 709 1133 792 primisque

100 731 273 860 ordinibus
297 793 488 856 convocatis
512 792 593 877 quid
615 795 666 857 sui
688 793 733 856 sit
755 793 883 856 consilii
904 795 1064 877 proponit
1089 802 1132 869 et,

99 901 168 966 quo
191 879 319 944 facilius
341 879 496 942 hostibus
518 879 644 942 timoris
661 878 718 941 det
734 878 965 962 suspicionem,
988 880 1133 964 ⁵majore

99 967 241 1051 strepitu
264 973 298 1028 et
319 964 469 1038 tumultu,
493 983 590 1047 quam
613 985 658 1048 po
683 964 728 1028 uli
751 963 889 1026 Romani
911 963 976 1028 fert·
993 987 1134 1029 consue·

100 1052 192 1124 tudo,
216 1058 325 1113 castra
346 1049 471 1113 moveri
488 1049 594 1134 jubet.
639 985 701 1112 llis
730 1050 830 1113 rebus
863 1048 960 1135 fugae
994 1051 1132 1113 similem

100 1135 338 1222 profectionem
362 1135 474 1198 effecit.
532 1134 624 1199 Haec
646 1155 780 1219 quoque
811 1156 872 1219 per
901 1135 1132 1219 exploratores

100 1231 175 1286 ante
198 1222 304 1285 lucem
316 1222 349 1283 in
361 1231 452 1284 tanta
473 1222 720 1305 propinquitate
742 1228 928 1284 castrorum
950 1221 994 1284 ad
1014 1221 1131 1285 hostes

96 1306 300 1372 deferuntur.
566 1345 568 1348 >

143 1393 173 1457 8.
217 1392 286 1455 Vix
308 1413 423 1477 agmen
448 1391 664 1454 novissimum
698 1399 793 1454 extra
824 1391 1021 1455 munitiones
1054 1412 1133 1475 pro·

100 1485 255 1552 cesserat,
279 1478 401 1560 ¹quum
423 1476 510 1539 Galli
533 1477 698 1540 cohortati
724 1476 809 1540 inter
837 1498 882 1553 se,
910 1500 949 1540 ae
975 1488 1134 1561 speratam

95 1563 252 1648 praedam
274 1587 311 1625 ex
332 1564 474 1626 munibus
496 1563 691 1645 disultaret&
718 1562 861 1646 ²lou9um
883 1586 943 1625 esse
959 1565 1134 1648 perterritae

100 1651 253 1713 Bormonis
276 1647 503 1712 Germanorum
526 1649 677 1712 auxilium
704 1660 894 1732 exspectat-m
921 1671 1017 1734 aeque
1043 1671 1133 1712 suam

96 1737 169 1820 poti
194 1735 377 1818 dipuitutem,
410 1744 444 1796 ut
476 1736 568 1797 tectis
601 1735 698 1818 copiis
729 1745 792 1797 tum
825 1737 967 1817 emiyatam
994 1756 1130 1814 munitm,

95 1822 280 1904 praesertim
293 1820 463 1906 semirutum
475 1831 563 1906 utque
573 1820 759 1904 impeditum,
783 1821 977 1882 odorariam
989 1819 1130 1900 audeaut,

100 1904 240 1968 ⁸ssumcn
262 1907 403 1968 transire
426 1912 459 1967 et
483 1904 596 1987 iniquo
629 1905 705 1968 loco
739 1905 942 1968 committere
969 1905 1131 1988 proelium

101 2011 167 2053 non
202 1990 360 2052 dubitant.
418 1989 511 2068 Quae
543 1989 616 2052 fore
649 1990 838 2073 suspicatus
875 1989 1057 2064 Labienus,
1094 1997 1133 2053 ut

102 2095 216 2138 omnes
240 2075 321 2137 citra
344 2073 463 2137 flumen
486 2075 626 2146 eliceret,
647 2074 784 2138 ⁴eadem
812 2096 895 2137 usus
925 2075 1132 2138 simulatione

99 2161 225 2223 itineris
248 2159 378 2244 placide
400 2159 684 2245 progrediebatur.
728 2159 814 2223 Tum
837 2161 1027 2244 praemissis
1051 2181 1132 2244 pau·

101 2245 168 2308 lum
191 2245 430 2329 impedimentis
454 2253 554 2328 atque
575 2246 608 2307 in
631 2245 758 2307 tumulo
782 2245 926 2328 quodam
949 2245 1132 2321 collocatis

101 2331 237 2410 Habetis,
261 2331 375 2414 inquit,
397 2331 512 2410 milites,
538 2353 632 2416 prtum
649 2333 774 2415 petistis,
794 2331 993 2417 fucultatem:
1021 2331 1133 2394 bostem

101 2416 245 2501 impedito
268 2427 357 2502 utque
378 2418 483 2501 iniquo
506 2417 570 2478 loco
598 2418 716 2478 tenete:
738 2427 895 2501 praestata
922 2417 1049 2479 eaedem
1076 2438 1133 2480 ao·

102 2503 148 2564 bis
170 2502 295 2564 diesibus
316 2503 462 2582 virtudem,
485 2523 579 2588 quam
599 2524 816 2586 saepenumero
838 2503 1018 2586 imperatori
1034 2524 1133 2586 prue-

100 2588 222 2666 stc'tietc's,
252 2611 271 2650 a
303 2610 340 2648 uc
367 2588 455 2649 illum
483 2587 587 2649 adesse
613 2598 642 2649 et
661 2586 736 2650 buce
761 2609 867 2650 corum
888 2610 1009 2649 cernere
1030 2589 1132 2650 emisti-

100 2682 189 2735 mute.
235 2672 358 2734 ⁵Simul
382 2673 475 2756 signa
498 2671 541 2734 ad
564 2671 695 2735 hostem
718 2673 864 2735 converti
892 2674 1058 2753 aciemque
1083 2671 1132 2735 di·

101 2757 162 2841 rigi
180 2756 277 2841 jubet
300 2764 332 2819 et
354 2757 468 2840 paucis
491 2758 607 2820 turmis
634 2756 799 2841 praesidio
829 2757 872 2820 ad
899 2756 1133 2841 impedimenta

102 2841 246 2904 dimissis
268 2841 415 2925 reliquos
429 2843 557 2924 equites
580 2842 622 2905 ed
646 2843 750 2905 latera
773 2842 928 2927 disponit.
973 2841 1132 2906 Celeriter

101 2926 207 2989 nostri
230 2927 374 2989 clamore
397 2926 529 2991 sublato
554 2927 623 3010 pila
643 2928 675 2989 in
700 2927 817 2990 hostes
840 2929 1024 2990 immittunt.
1070 2928 1132 3003 llli,

100 3012 157 3075 ubi
180 3028 311 3095 praeter
334 3033 435 3095 spem,
459 3033 545 3095 quos
568 3011 681 3097 fugere
704 3012 892 3084 credebant,
925 3012 1053 3076 infestis
1088 3013 1132 3076 si-

99 3096 172 3181 gnis
185 3096 277 3159 adse
299 3096 345 3158 ire
368 3097 530 3171 viderunt,
553 3096 728 3195 ⁶impetum
750 3098 851 3161 modo
874 3097 959 3160 ferre
982 3119 1047 3160 non
1070 3119 1131 3181 po·

100 3190 232 3244 tuerunt
255 3202 294 3244 ac
316 3183 421 3266 primo
445 3202 609 3245 concursu
620 3181 775 3268 refugam
798 3184 938 3268 conjecti
960 3183 1130 3267 proximas

100 3266 201 3330 silvas
225 3267 397 3350 petierunt.
448 3267 563 3346 'Quos
593 3267 757 3331 Labienus
787 3271 933 3352 equitatu
961 3277 1131 3331 consecta-

98 3361 153 3415 tus
176 3373 295 3437 magnc
317 3374 454 3415 numero
476 3351 658 3428 interfecto,
681 3354 905 3438 compluribus
928 3353 1033 3437 captis
1050 3374 1131 3437 pau·

99 3437 146 3499 cis
169 3449 250 3520 post
272 3436 389 3500 diebus
413 3438 577 3500 civitatem
600 3440 732 3522 recepit.
777 3441 862 3504 Nam
885 3438 1047 3513 Germani,
1074 3439 1131 3522 qui

99 3521 221 3584 auxilio
245 3524 428 3597 veniebant,
452 3532 608 3607 percepta
631 3522 843 3586 Trevirorum
864 3522 942 3608 fuga
965 3544 1042 3586 sese
1070 3524 1131 3587 do·

98 3615 186 3669 urum
207 3618 411 3691 receperunt.
456 3606 538 3670 Cum
560 3607 612 3670 his
635 3609 812 3691 propinqui
832 3607 1057 3684 lnducioman',
1073 3609 1131 3693 qui

99 3689 292 3754 defectionis
316 3700 470 3754 auctores
498 3691 636 3767 fuerant,
667 3693 811 3755 comitati
839 3714 898 3755 eos
928 3714 969 3755 ex
997 3694 1131 3758 civitate

99 3784 321 3839 excesserunt.
366 3775 574 3862 Cingetorigi,
598 3798 694 3860 quem
718 3778 759 3843 ab
781 3777 873 3840 initio
905 3779 1131 3860 permansisse

98 3860 132 3922 in
144 3861 254 4008 ellicip
267 3861 574 3937 demonstravimus,
597 3862 821 3946 ⁸principatus
834 3871 943 3946 -etque
958 3862 1130 3947 imperium

98 3956 149 4008 est
171 3953 221 4008 tra
247 3946 334 4009 itum.
