<?xml version="1.0" encoding="UTF-8"?>
<!DOCTYPE html PUBLIC "-//W3C//DTD XHTML 1.0 Transitional//EN"
    "http://www.w3.org/TR/xhtml1/DTD/xhtml1-transitional.dtd">
<html xmlns="http://www.w3.org/1999/xhtml" xml:lang="en" lang="en">
 <head>
  <title>
</title>
<meta http-equiv="Content-Type" content="text/html;charset=utf-8" />
  <meta name='ocr-system' content='tesseract 3.04.00' />
  <meta name='ocr-capabilities' content='ocr_page ocr_carea ocr_par ocr_line ocrx_word'/>
</head>
<body>
  <div class='ocr_page' id='page_1' title='image "./cjuliicaesarisc00friggoog_0045.png"; bbox 0 0 2468 4312; ppageno 0'>
   <div class='ocr_carea' id='block_1_1' title="bbox 121 205 798 270">
    <p class='ocr_par' dir='ltr' id='par_1_1' title="bbox 121 205 798 270">
     <span class='ocr_line' id='line_1_1' title="bbox 121 205 798 270; baseline -0.009 0"><span class='ocrx_word' id='word_1_1' title='bbox 121 205 163 270; x_wconf 81' lang='lat'>28</span> <span class='ocrx_word' id='word_1_2' title='bbox 469 225 512 265; x_wconf 81' lang='lat' dir='ltr'>na</span> <span class='ocrx_word' id='word_1_3' title='bbox 534 224 637 267; x_wconf 79' lang='lat' dir='ltr'>nanno</span> <span class='ocrx_word' id='word_1_4' title='bbox 661 223 798 265; x_wconf 72' lang='lat' dir='ltr'>amuco</span> 
     </span>
    </p>
   </div>
   <div class='ocr_carea' id='block_1_2' title="bbox 121 355 1156 2140">
    <p class='ocr_par' dir='ltr' id='par_1_2' title="bbox 121 355 1156 1546">
     <span class='ocr_line' id='line_1_2' title="bbox 121 355 1155 441; baseline 0.001 -21"><span class='ocrx_word' id='word_1_5' title='bbox 121 364 281 441; x_wconf 87' lang='lat' dir='ltr'>utraeque</span> <span class='ocrx_word' id='word_1_6' title='bbox 309 356 341 419; x_wconf 94' lang='lat' dir='ltr'>in</span> <span class='ocrx_word' id='word_1_7' title='bbox 371 378 410 421; x_wconf 88' lang='lat' dir='ltr'>ea</span> <span class='ocrx_word' id='word_1_8' title='bbox 436 355 516 441; x_wconf 84' lang='lat' dir='ltr'>fuga</span> <span class='ocrx_word' id='word_1_9' title='bbox 543 356 718 440; x_wconf 88' lang='lat' dir='ltr'>perierunt.</span> <span class='ocrx_word' id='word_1_10' title='bbox 767 355 882 419; x_wconf 81' lang='lat' dir='ltr'>³Duae</span> <span class='ocrx_word' id='word_1_11' title='bbox 916 355 1000 420; x_wconf 85' lang='lat' dir='ltr'>tiliae</span> <span class='ocrx_word' id='word_1_12' title='bbox 1023 358 1155 434; x_wconf 89' lang='lat' dir='ltr'>harum,</span> 
     </span>
     <span class='ocr_line' id='line_1_3' title="bbox 121 439 1155 526; baseline 0.002 -22"><span class='ocrx_word' id='word_1_13' title='bbox 121 442 227 505; x_wconf 87' lang='lat' dir='ltr'>altera</span> <span class='ocrx_word' id='word_1_14' title='bbox 255 444 380 518; x_wconf 90' lang='lat' dir='ltr'>occisa,</span> <span class='ocrx_word' id='word_1_15' title='bbox 409 444 513 505; x_wconf 87' lang='lat' dir='ltr'>altera</span> <span class='ocrx_word' id='word_1_16' title='bbox 536 448 633 524; x_wconf 88' lang='lat' dir='ltr'>capta</span> <span class='ocrx_word' id='word_1_17' title='bbox 655 448 714 503; x_wconf 90' lang='lat' dir='ltr'>est.</span> <span class='ocrx_word' id='word_1_18' title='bbox 766 439 870 526; x_wconf 84' lang='lat' dir='ltr'>Gajus</span> <span class='ocrx_word' id='word_1_19' title='bbox 894 441 1049 505; x_wconf 88' lang='lat' dir='ltr'>Valerius</span> <span class='ocrx_word' id='word_1_20' title='bbox 1072 443 1155 506; x_wconf 89' lang='lat' dir='ltr'>Pro·</span> 
     </span>
     <span class='ocr_line' id='line_1_4' title="bbox 122 524 1155 610; baseline 0.002 -21"><span class='ocrx_word' id='word_1_21' title='bbox 122 527 228 601; x_wconf 75' lang='lat' dir='ltr'>eilluS,</span> <span class='ocrx_word' id='word_1_22' title='bbox 252 548 353 610; x_wconf 91' lang='lat' dir='ltr'>quum</span> <span class='ocrx_word' id='word_1_23' title='bbox 375 549 396 590; x_wconf 87' lang='lat' dir='ltr'>a</span> <span class='ocrx_word' id='word_1_24' title='bbox 417 526 614 590; x_wconf 81' lang='lat' dir='ltr'><strong>custodibus</strong></span> <span class='ocrx_word' id='word_1_25' title='bbox 637 527 671 588; x_wconf 93' lang='lat' dir='ltr'>in</span> <span class='ocrx_word' id='word_1_26' title='bbox 692 524 772 610; x_wconf 85' lang='lat' dir='ltr'>fuga</span> <span class='ocrx_word' id='word_1_27' title='bbox 798 527 913 589; x_wconf 85' lang='lat' dir='ltr'>⁴trinis</span> <span class='ocrx_word' id='word_1_28' title='bbox 937 528 1060 590; x_wconf 87' lang='lat' dir='ltr'>catenis</span> <span class='ocrx_word' id='word_1_29' title='bbox 1084 529 1155 591; x_wconf 83' lang='lat' dir='ltr'>vin-</span> 
     </span>
     <span class='ocr_line' id='line_1_5' title="bbox 122 609 1156 695; baseline 0.002 -21"><span class='ocrx_word' id='word_1_30' title='bbox 122 620 196 674; x_wconf 87' lang='lat' dir='ltr'>etus</span> <span class='ocrx_word' id='word_1_31' title='bbox 219 612 417 688; x_wconf 77' lang='lat' dir='ltr'>traheretur,</span> <span class='ocrx_word' id='word_1_32' title='bbox 450 613 484 674; x_wconf 92' lang='lat' dir='ltr'>in</span> <span class='ocrx_word' id='word_1_33' title='bbox 515 612 625 695; x_wconf 87' lang='lat' dir='ltr'>ipsum</span> <span class='ocrx_word' id='word_1_34' title='bbox 653 609 827 674; x_wconf 83' lang='lat' dir='ltr'>Caesarem</span> <span class='ocrx_word' id='word_1_35' title='bbox 859 611 976 675; x_wconf 90' lang='lat' dir='ltr'>hostes</span> <span class='ocrx_word' id='word_1_36' title='bbox 1007 613 1156 695; x_wconf 83' lang='lat' dir='ltr'>equitatu</span> 
     </span>
     <span class='ocr_line' id='line_1_6' title="bbox 122 695 1155 781; baseline 0.004 -23"><span class='ocrx_word' id='word_1_37' title='bbox 122 707 377 781; x_wconf 70' lang='lat' dir='ltr'>persequentem</span> <span class='ocrx_word' id='word_1_38' title='bbox 399 695 520 760; x_wconf 84' lang='lat' dir='ltr'>incidit</span> <span class='ocrx_word' id='word_1_39' title='bbox 566 695 659 774; x_wconf 81' lang='lat' dir='ltr'>Quae</span> <span class='ocrx_word' id='word_1_40' title='bbox 682 695 816 779; x_wconf 87' lang='lat' dir='ltr'>quidem</span> <span class='ocrx_word' id='word_1_41' title='bbox 844 718 898 759; x_wconf 88' lang='lat' dir='ltr'>res</span> <span class='ocrx_word' id='word_1_42' title='bbox 928 696 1060 760; x_wconf 83' lang='lat' dir='ltr'>Caesari</span> <span class='ocrx_word' id='word_1_43' title='bbox 1088 720 1155 762; x_wconf 92' lang='lat' dir='ltr'>non</span> 
     </span>
     <span class='ocr_line' id='line_1_7' title="bbox 121 781 1156 867; baseline 0.003 -23"><span class='ocrx_word' id='word_1_44' title='bbox 121 781 288 857; x_wconf 83' lang='lat' dir='ltr'>minorem,</span> <span class='ocrx_word' id='word_1_45' title='bbox 311 805 409 866; x_wconf 89' lang='lat' dir='ltr'>quam</span> <span class='ocrx_word' id='word_1_46' title='bbox 430 783 505 866; x_wconf 91' lang='lat' dir='ltr'>ipsa</span> <span class='ocrx_word' id='word_1_47' title='bbox 526 782 672 856; x_wconf 83' lang='lat' dir='ltr'>victoria,</span> <span class='ocrx_word' id='word_1_48' title='bbox 694 782 899 865; x_wconf 87' lang='lat' dir='ltr'>voluptatem</span> <span class='ocrx_word' id='word_1_49' title='bbox 922 783 1039 858; x_wconf 74' lang='lat' dir='ltr'>attulit,</span> <span class='ocrx_word' id='word_1_50' title='bbox 1063 784 1156 867; x_wconf 91' lang='lat' dir='ltr'>quod</span> 
     </span>
     <span class='ocr_line' id='line_1_8' title="bbox 121 865 1155 950; baseline 0.002 -21"><span class='ocrx_word' id='word_1_51' title='bbox 121 865 287 929; x_wconf 90' lang='lat' dir='ltr'>hominem</span> <span class='ocrx_word' id='word_1_52' title='bbox 310 867 597 930; x_wconf 85' lang='lat' dir='ltr'>⁵honestissimum</span> <span class='ocrx_word' id='word_1_53' title='bbox 620 867 807 950; x_wconf 88' lang='lat' dir='ltr'>provinciae</span> <span class='ocrx_word' id='word_1_54' title='bbox 832 867 966 943; x_wconf 90' lang='lat' dir='ltr'>Galliae,</span> <span class='ocrx_word' id='word_1_55' title='bbox 990 890 1086 931; x_wconf 94' lang='lat' dir='ltr'>suum</span> <span class='ocrx_word' id='word_1_56' title='bbox 1107 868 1155 932; x_wconf 83' lang='lat' dir='ltr'>fa-</span> 
     </span>
     <span class='ocr_line' id='line_1_9' title="bbox 122 951 1156 1036; baseline 0.004 -23"><span class='ocrx_word' id='word_1_57' title='bbox 122 951 281 1015; x_wconf 92' lang='lat' dir='ltr'>miliarem</span> <span class='ocrx_word' id='word_1_58' title='bbox 303 962 336 1016; x_wconf 88' lang='lat' dir='ltr'>et</span> <span class='ocrx_word' id='word_1_59' title='bbox 357 953 532 1036; x_wconf 91' lang='lat' dir='ltr'>hospitem,</span> <span class='ocrx_word' id='word_1_60' title='bbox 555 960 703 1036; x_wconf 90' lang='lat' dir='ltr'>ereptum</span> <span class='ocrx_word' id='word_1_61' title='bbox 726 975 743 1015; x_wconf 91' lang='lat' dir='ltr'>e</span> <span class='ocrx_word' id='word_1_62' title='bbox 765 954 914 1016; x_wconf 90' lang='lat' dir='ltr'>manibus</span> <span class='ocrx_word' id='word_1_63' title='bbox 930 953 1077 1016; x_wconf 89' lang='lat' dir='ltr'>hostium</span> <span class='ocrx_word' id='word_1_64' title='bbox 1092 955 1156 1019; x_wconf 84' lang='lat' dir='ltr'><strong>sibi</strong></span> 
     </span>
     <span class='ocr_line' id='line_1_10' title="bbox 123 1037 1155 1122; baseline 0.003 -23"><span class='ocrx_word' id='word_1_65' title='bbox 123 1038 310 1101; x_wconf 86' lang='lat' dir='ltr'>restitutum</span> <span class='ocrx_word' id='word_1_66' title='bbox 332 1038 475 1113; x_wconf 84' lang='lat' dir='ltr'>videbat,</span> <span class='ocrx_word' id='word_1_67' title='bbox 498 1058 606 1120; x_wconf 91' lang='lat' dir='ltr'>neque</span> <span class='ocrx_word' id='word_1_68' title='bbox 629 1038 700 1122; x_wconf 83' lang='lat' dir='ltr'>ejus</span> <span class='ocrx_word' id='word_1_69' title='bbox 724 1037 908 1101; x_wconf 81' lang='lat' dir='ltr'>calamitate</span> <span class='ocrx_word' id='word_1_70' title='bbox 931 1038 974 1101; x_wconf 90' lang='lat' dir='ltr'>de</span> <span class='ocrx_word' id='word_1_71' title='bbox 989 1046 1081 1102; x_wconf 88' lang='lat' dir='ltr'>tanta</span> <span class='ocrx_word' id='word_1_72' title='bbox 1095 1062 1155 1102; x_wconf 87' lang='lat' dir='ltr'>vo·</span> 
     </span>
     <span class='ocr_line' id='line_1_11' title="bbox 124 1121 1153 1208; baseline 0.004 -24"><span class='ocrx_word' id='word_1_73' title='bbox 124 1121 253 1205; x_wconf 88' lang='lat' dir='ltr'>luptate</span> <span class='ocrx_word' id='word_1_74' title='bbox 276 1132 309 1186; x_wconf 88' lang='lat' dir='ltr'>et</span> <span class='ocrx_word' id='word_1_75' title='bbox 329 1123 549 1208; x_wconf 79' lang='lat' dir='ltr'>gratulatione</span> <span class='ocrx_word' id='word_1_76' title='bbox 572 1122 752 1206; x_wconf 91' lang='lat' dir='ltr'>quidquam</span> <span class='ocrx_word' id='word_1_77' title='bbox 780 1122 913 1186; x_wconf 86' lang='lat' dir='ltr'>fortuna</span> <span class='ocrx_word' id='word_1_78' title='bbox 942 1123 1153 1188; x_wconf 85' lang='lat' dir='ltr'>deminuerat.</span> 
     </span>
     <span class='ocr_line' id='line_1_12' title="bbox 122 1206 1155 1291; baseline 0.005 -23"><span class='ocrx_word' id='word_1_79' title='bbox 122 1206 156 1269; x_wconf 94' lang='lat' dir='ltr'>Is</span> <span class='ocrx_word' id='word_1_80' title='bbox 180 1228 217 1270; x_wconf 89' lang='lat' dir='ltr'>se</span> <span class='ocrx_word' id='word_1_81' title='bbox 239 1216 413 1291; x_wconf 80' lang='lat' dir='ltr'>praesente</span> <span class='ocrx_word' id='word_1_82' title='bbox 437 1207 479 1270; x_wconf 92' lang='lat' dir='ltr'>de</span> <span class='ocrx_word' id='word_1_83' title='bbox 502 1229 539 1270; x_wconf 91' lang='lat' dir='ltr'>se</span> <span class='ocrx_word' id='word_1_84' title='bbox 561 1215 611 1270; x_wconf 89' lang='lat' dir='ltr'>ter</span> <span class='ocrx_word' id='word_1_85' title='bbox 634 1209 780 1272; x_wconf 88' lang='lat' dir='ltr'>sortibus</span> <span class='ocrx_word' id='word_1_86' title='bbox 804 1209 992 1271; x_wconf 86' lang='lat' dir='ltr'>consultum</span> <span class='ocrx_word' id='word_1_87' title='bbox 1015 1208 1155 1284; x_wconf 81' lang='lat' dir='ltr'>(licebat,</span> 
     </span>
     <span class='ocr_line' id='line_1_13' title="bbox 123 1293 1155 1378; baseline 0.003 -24"><span class='ocrx_word' id='word_1_88' title='bbox 123 1299 233 1354; x_wconf 85' lang='lat' dir='ltr'>utrum</span> <span class='ocrx_word' id='word_1_89' title='bbox 255 1293 322 1378; x_wconf 85' lang='lat' dir='ltr'>igni</span> <span class='ocrx_word' id='word_1_90' title='bbox 344 1294 455 1356; x_wconf 89' lang='lat' dir='ltr'>statim</span> <span class='ocrx_word' id='word_1_91' title='bbox 476 1301 648 1355; x_wconf 79' lang='lat' dir='ltr'>necaretur</span> <span class='ocrx_word' id='word_1_92' title='bbox 670 1315 712 1355; x_wconf 90' lang='lat' dir='ltr'>an</span> <span class='ocrx_word' id='word_1_93' title='bbox 733 1294 768 1355; x_wconf 91' lang='lat' dir='ltr'>in</span> <span class='ocrx_word' id='word_1_94' title='bbox 790 1293 880 1356; x_wconf 86' lang='lat' dir='ltr'>aliud</span> <span class='ocrx_word' id='word_1_95' title='bbox 903 1302 1033 1378; x_wconf 92' lang='lat' dir='ltr'>tempus</span> <span class='ocrx_word' id='word_1_96' title='bbox 1049 1316 1155 1358; x_wconf 88' lang='lat' dir='ltr'>reser-</span> 
     </span>
     <span class='ocr_line' id='line_1_14' title="bbox 123 1377 1156 1443; baseline 0.004 -5"><span class='ocrx_word' id='word_1_97' title='bbox 123 1385 270 1441; x_wconf 87' lang='lat' dir='ltr'>varetur:</span> <span class='ocrx_word' id='word_1_98' title='bbox 304 1379 442 1441; x_wconf 85' lang='lat' dir='ltr'>sortium</span> <span class='ocrx_word' id='word_1_99' title='bbox 476 1377 636 1441; x_wconf 85' lang='lat' dir='ltr'>beneficio</span> <span class='ocrx_word' id='word_1_100' title='bbox 665 1400 702 1440; x_wconf 92' lang='lat' dir='ltr'>se</span> <span class='ocrx_word' id='word_1_101' title='bbox 731 1400 807 1441; x_wconf 88' lang='lat' dir='ltr'>esse</span> <span class='ocrx_word' id='word_1_102' title='bbox 834 1379 1028 1442; x_wconf 89' lang='lat' dir='ltr'>incolumen.</span> <span class='ocrx_word' id='word_1_103' title='bbox 1072 1380 1156 1443; x_wconf 87' lang='lat' dir='ltr'>Item</span> 
     </span>
     <span class='ocr_line' id='line_1_15' title="bbox 123 1460 1058 1546; baseline 0.001 -21"><span class='ocrx_word' id='word_1_104' title='bbox 123 1460 258 1525; x_wconf 85' lang='lat' dir='ltr'>Marcus</span> <span class='ocrx_word' id='word_1_105' title='bbox 280 1463 402 1526; x_wconf 88' lang='lat' dir='ltr'>Metius</span> <span class='ocrx_word' id='word_1_106' title='bbox 424 1473 576 1546; x_wconf 88' lang='lat' dir='ltr'>repertus</span> <span class='ocrx_word' id='word_1_107' title='bbox 600 1469 633 1525; x_wconf 86' lang='lat' dir='ltr'>ct</span> <span class='ocrx_word' id='word_1_108' title='bbox 655 1462 699 1525; x_wconf 90' lang='lat' dir='ltr'>ad</span> <span class='ocrx_word' id='word_1_109' title='bbox 721 1485 795 1525; x_wconf 90' lang='lat' dir='ltr'>eum</span> <span class='ocrx_word' id='word_1_110' title='bbox 816 1462 975 1526; x_wconf 89' lang='lat' dir='ltr'>reductus</span> <span class='ocrx_word' id='word_1_111' title='bbox 999 1471 1058 1526; x_wconf 74' lang='lat' dir='ltr'>cst,</span> 
     </span>
    </p>

    <p class='ocr_par' dir='ltr' id='par_1_3' title="bbox 124 1547 1156 2140">
     <span class='ocr_line' id='line_1_16' title="bbox 166 1547 1156 1633; baseline 0.003 -24"><span class='ocrx_word' id='word_1_112' title='bbox 166 1547 216 1610; x_wconf 81' lang='lat'>54.</span> <span class='ocrx_word' id='word_1_113' title='bbox 260 1547 336 1610; x_wconf 89' lang='lat' dir='ltr'>Hoc</span> <span class='ocrx_word' id='word_1_114' title='bbox 358 1548 485 1632; x_wconf 85' lang='lat' dir='ltr'>proelio</span> <span class='ocrx_word' id='word_1_115' title='bbox 508 1555 600 1610; x_wconf 85' lang='lat' dir='ltr'>trans</span> <span class='ocrx_word' id='word_1_116' title='bbox 623 1547 775 1610; x_wconf 85' lang='lat' dir='ltr'>Rhenum</span> <span class='ocrx_word' id='word_1_117' title='bbox 796 1549 949 1612; x_wconf 89' lang='lat' dir='ltr'>nunciato</span> <span class='ocrx_word' id='word_1_118' title='bbox 974 1548 1083 1623; x_wconf 87' lang='lat' dir='ltr'>Suevi,</span> <span class='ocrx_word' id='word_1_119' title='bbox 1099 1549 1156 1633; x_wconf 92' lang='lat' dir='ltr'>qui</span> 
     </span>
     <span class='ocr_line' id='line_1_17' title="bbox 124 1631 1155 1717; baseline 0.003 -24"><span class='ocrx_word' id='word_1_120' title='bbox 124 1631 169 1694; x_wconf 88' lang='lat' dir='ltr'>ad</span> <span class='ocrx_word' id='word_1_121' title='bbox 190 1632 279 1716; x_wconf 88' lang='lat' dir='ltr'>ripas</span> <span class='ocrx_word' id='word_1_122' title='bbox 302 1632 410 1695; x_wconf 88' lang='lat' dir='ltr'>Rheni</span> <span class='ocrx_word' id='word_1_123' title='bbox 431 1641 603 1705; x_wconf 88' lang='lat' dir='ltr'>venerant,</span> <span class='ocrx_word' id='word_1_124' title='bbox 639 1631 772 1695; x_wconf 87' lang='lat' dir='ltr'>domum</span> <span class='ocrx_word' id='word_1_125' title='bbox 804 1634 926 1696; x_wconf 89' lang='lat' dir='ltr'>reverti</span> <span class='ocrx_word' id='word_1_126' title='bbox 959 1642 1155 1717; x_wconf 81' lang='lat' dir='ltr'>coeperunt3</span> 
     </span>
     <span class='ocr_line' id='line_1_18' title="bbox 124 1715 1155 1802; baseline 0.003 -23"><span class='ocrx_word' id='word_1_127' title='bbox 124 1715 230 1799; x_wconf 84' lang='lat' dir='ltr'>lquos</span> <span class='ocrx_word' id='word_1_128' title='bbox 254 1718 310 1781; x_wconf 89' lang='lat' dir='ltr'>ubi</span> <span class='ocrx_word' id='word_1_129' title='bbox 333 1718 389 1801; x_wconf 95' lang='lat' dir='ltr'>qui</span> <span class='ocrx_word' id='word_1_130' title='bbox 421 1717 563 1801; x_wconf 87' lang='lat' dir='ltr'>proximi</span> <span class='ocrx_word' id='word_1_131' title='bbox 595 1717 748 1780; x_wconf 82' lang='lat' dir='ltr'>Rhenum</span> <span class='ocrx_word' id='word_1_132' title='bbox 780 1719 929 1781; x_wconf 89' lang='lat' dir='ltr'>incolunt</span> <span class='ocrx_word' id='word_1_133' title='bbox 960 1719 1155 1802; x_wconf 85' lang='lat' dir='ltr'>perterritos</span> 
     </span>
     <span class='ocr_line' id='line_1_19' title="bbox 125 1802 1156 1886; baseline 0.002 -22"><span class='ocrx_word' id='word_1_134' title='bbox 125 1810 315 1877; x_wconf 88' lang='lat' dir='ltr'>senscrunt,</span> <span class='ocrx_word' id='word_1_135' title='bbox 348 1802 487 1865; x_wconf 85' lang='lat' dir='ltr'>insecuti</span> <span class='ocrx_word' id='word_1_136' title='bbox 523 1824 676 1886; x_wconf 79' lang='lat' dir='ltr'>magnum</span> <span class='ocrx_word' id='word_1_137' title='bbox 709 1825 751 1865; x_wconf 82' lang='lat' dir='ltr'>ex</span> <span class='ocrx_word' id='word_1_138' title='bbox 772 1804 812 1866; x_wconf 87' lang='lat' dir='ltr'>iis</span> <span class='ocrx_word' id='word_1_139' title='bbox 835 1825 1004 1865; x_wconf 89' lang='lat' dir='ltr'>numerum</span> <span class='ocrx_word' id='word_1_140' title='bbox 1027 1803 1156 1866; x_wconf 89' lang='lat' dir='ltr'>occide·</span> 
     </span>
     <span class='ocr_line' id='line_1_20' title="bbox 124 1886 1156 1952; baseline 0.003 -4"><span class='ocrx_word' id='word_1_141' title='bbox 124 1894 209 1949; x_wconf 89' lang='lat' dir='ltr'>runt.</span> <span class='ocrx_word' id='word_1_142' title='bbox 256 1886 377 1950; x_wconf 84' lang='lat' dir='ltr'>Caesar</span> <span class='ocrx_word' id='word_1_143' title='bbox 400 1909 466 1950; x_wconf 88' lang='lat' dir='ltr'>una</span> <span class='ocrx_word' id='word_1_144' title='bbox 487 1895 613 1950; x_wconf 86' lang='lat' dir='ltr'>aestate</span> <span class='ocrx_word' id='word_1_145' title='bbox 637 1887 769 1952; x_wconf 86' lang='lat' dir='ltr'>duobus</span> <span class='ocrx_word' id='word_1_146' title='bbox 792 1889 942 1951; x_wconf 83' lang='lat' dir='ltr'>maximis</span> <span class='ocrx_word' id='word_1_147' title='bbox 964 1888 1061 1951; x_wconf 87' lang='lat' dir='ltr'>bellis</span> <span class='ocrx_word' id='word_1_148' title='bbox 1078 1910 1156 1951; x_wconf 91' lang='lat' dir='ltr'>con-</span> 
     </span>
     <span class='ocr_line' id='line_1_21' title="bbox 126 1970 1156 2056; baseline 0.003 -23"><span class='ocrx_word' id='word_1_149' title='bbox 126 1970 221 2033; x_wconf 86' lang='lat' dir='ltr'>fectis</span> <span class='ocrx_word' id='word_1_150' title='bbox 244 1973 404 2034; x_wconf 86' lang='lat' dir='ltr'>maturius</span> <span class='ocrx_word' id='word_1_151' title='bbox 427 1971 542 2055; x_wconf 91' lang='lat' dir='ltr'>paulo,</span> <span class='ocrx_word' id='word_1_152' title='bbox 576 1994 674 2056; x_wconf 92' lang='lat' dir='ltr'>quam</span> <span class='ocrx_word' id='word_1_153' title='bbox 697 1987 827 2056; x_wconf 87' lang='lat' dir='ltr'>tempus</span> <span class='ocrx_word' id='word_1_154' title='bbox 851 1974 926 2036; x_wconf 92' lang='lat' dir='ltr'>anni</span> <span class='ocrx_word' id='word_1_155' title='bbox 948 1973 1156 2056; x_wconf 88' lang='lat' dir='ltr'>postulabat,</span> 
     </span>
     <span class='ocr_line' id='line_1_22' title="bbox 125 2055 1155 2140; baseline 0.003 -23"><span class='ocrx_word' id='word_1_156' title='bbox 125 2055 159 2117; x_wconf 93' lang='lat' dir='ltr'>in</span> <span class='ocrx_word' id='word_1_157' title='bbox 180 2055 318 2119; x_wconf 89' lang='lat' dir='ltr'>hiberna</span> <span class='ocrx_word' id='word_1_158' title='bbox 345 2057 378 2119; x_wconf 89' lang='lat' dir='ltr'>in</span> <span class='ocrx_word' id='word_1_159' title='bbox 407 2056 580 2140; x_wconf 83' lang='lat' dir='ltr'>Sequanos</span> <span class='ocrx_word' id='word_1_160' title='bbox 610 2059 788 2121; x_wconf 86' lang='lat' dir='ltr'>exereitum</span> <span class='ocrx_word' id='word_1_161' title='bbox 823 2057 976 2131; x_wconf 79' lang='lat' dir='ltr'>deduxit3</span> <span class='ocrx_word' id='word_1_162' title='bbox 1009 2058 1155 2122; x_wconf 89' lang='lat' dir='ltr'>hibernis</span> 
     </span>
    </p>
   </div>
   <div class='ocr_carea' id='block_1_3' title="bbox 125 2139 1157 2312">
    <p class='ocr_par' dir='ltr' id='par_1_4' title="bbox 125 2139 1157 2312">
     <span class='ocr_line' id='line_1_23' title="bbox 125 2139 1157 2227; baseline 0.005 -25"><span class='ocrx_word' id='word_1_163' title='bbox 125 2139 305 2203; x_wconf 84' lang='lat' dir='ltr'>Labienum</span> <span class='ocrx_word' id='word_1_164' title='bbox 326 2143 533 2225; x_wconf 80' lang='lat' dir='ltr'>praeposuit3</span> <span class='ocrx_word' id='word_1_165' title='bbox 563 2142 655 2227; x_wconf 86' lang='lat' dir='ltr'>²ipse</span> <span class='ocrx_word' id='word_1_166' title='bbox 677 2144 711 2205; x_wconf 91' lang='lat' dir='ltr'>in</span> <span class='ocrx_word' id='word_1_167' title='bbox 734 2143 916 2206; x_wconf 81' lang='lat' dir='ltr'>citeriorem</span> <span class='ocrx_word' id='word_1_168' title='bbox 946 2141 1085 2206; x_wconf 85' lang='lat' dir='ltr'>Galliam</span> <span class='ocrx_word' id='word_1_169' title='bbox 1112 2142 1157 2208; x_wconf 89' lang='lat' dir='ltr'>ad</span> 
     </span>
     <span class='ocr_line' id='line_1_24' title="bbox 126 2226 1131 2312; baseline 0.003 -24"><span class='ocrx_word' id='word_1_170' title='bbox 126 2234 308 2290; x_wconf 85' lang='lat' dir='ltr'>conventus</span> <span class='ocrx_word' id='word_1_171' title='bbox 332 2226 480 2312; x_wconf 82' lang='lat' dir='ltr'>agendos</span> <span class='ocrx_word' id='word_1_172' title='bbox 502 2226 672 2311; x_wconf 86' lang='lat' dir='ltr'>profectus</span> <span class='ocrx_word' id='word_1_173' title='bbox 697 2237 755 2290; x_wconf 87' lang='lat' dir='ltr'>est.</span> <span class='ocrx_word' id='word_1_174' title='bbox 1042 2252 1045 2256; x_wconf 63' lang='grc'>’</span> <span class='ocrx_word' id='word_1_175' title='bbox 1130 2259 1131 2262; x_wconf 40' lang='grc'><strong>“</strong></span> 
     </span>
    </p>
   </div>
   <div class='ocr_carea' id='block_1_4' title="bbox 500 2567 773 2633">
    <p class='ocr_par' dir='ltr' id='par_1_5' title="bbox 500 2567 773 2633">
     <span class='ocr_line' id='line_1_25' title="bbox 500 2567 773 2633; baseline 0.004 -1"><span class='ocrx_word' id='word_1_176' title='bbox 500 2567 693 2633; x_wconf 88' lang='lat' dir='ltr'>LIBER</span> <span class='ocrx_word' id='word_1_177' title='bbox 728 2569 773 2633; x_wconf 90' lang='lat' dir='ltr'>II.</span> 
     </span>
    </p>
   </div>
   <div class='ocr_carea' id='block_1_5' title="bbox 36 2737 1223 3928">
    <p class='ocr_par' dir='ltr' id='par_1_6' title="bbox 36 2737 1223 3928">
     <span class='ocr_line' id='line_1_26' title="bbox 172 2737 1156 2818; baseline 0.004 -17"><span class='ocrx_word' id='word_1_178' title='bbox 172 2739 199 2802; x_wconf 91' lang='lat' dir='ltr'>l.</span> <span class='ocrx_word' id='word_1_179' title='bbox 244 2737 353 2818; x_wconf 86' lang='lat' dir='ltr'>Quum</span> <span class='ocrx_word' id='word_1_180' title='bbox 376 2746 465 2802; x_wconf 88' lang='lat' dir='ltr'>esset</span> <span class='ocrx_word' id='word_1_181' title='bbox 488 2737 653 2802; x_wconf 85' lang='lat' dir='ltr'>Caesarin</span> <span class='ocrx_word' id='word_1_182' title='bbox 669 2740 819 2803; x_wconf 88' lang='lat' dir='ltr'>citeriore</span> <span class='ocrx_word' id='word_1_183' title='bbox 843 2738 951 2803; x_wconf 89' lang='lat' dir='ltr'>Gallia</span> <span class='ocrx_word' id='word_1_184' title='bbox 973 2739 1026 2803; x_wconf 86' lang='lat' dir='ltr'>¹in</span> <span class='ocrx_word' id='word_1_185' title='bbox 1047 2738 1156 2805; x_wconf 88' lang='lat' dir='ltr'>hiber·</span> 
     </span>
     <span class='ocr_line' id='line_1_27' title="bbox 125 2823 1156 2908; baseline 0.002 -22"><span class='ocrx_word' id='word_1_186' title='bbox 125 2824 186 2897; x_wconf 82' lang='lat' dir='ltr'>nis,</span> <span class='ocrx_word' id='word_1_187' title='bbox 209 2824 256 2887; x_wconf 91' lang='lat' dir='ltr'>ita</span> <span class='ocrx_word' id='word_1_188' title='bbox 278 2825 326 2886; x_wconf 93' lang='lat' dir='ltr'>uti</span> <span class='ocrx_word' id='word_1_189' title='bbox 349 2844 451 2908; x_wconf 93' lang='lat' dir='ltr'>supra</span> <span class='ocrx_word' id='word_1_190' title='bbox 474 2823 779 2900; x_wconf 69' lang='lat' dir='ltr'>demonstravimus</span> <span class='ocrx_word' id='word_1_191' title='bbox 814 2827 918 2890; x_wconf 88' lang='lat' dir='ltr'>crebri</span> <span class='ocrx_word' id='word_1_192' title='bbox 941 2825 984 2888; x_wconf 87' lang='lat' dir='ltr'>ad</span> <span class='ocrx_word' id='word_1_193' title='bbox 1007 2847 1080 2888; x_wconf 94' lang='lat' dir='ltr'>eum</span> <span class='ocrx_word' id='word_1_194' title='bbox 1102 2848 1156 2888; x_wconf 94' lang='lat' dir='ltr'>ru·</span> 
     </span>
     <span class='ocr_line' id='line_1_28' title="bbox 126 2907 1156 2993; baseline 0.002 -23"><span class='ocrx_word' id='word_1_195' title='bbox 126 2929 235 2970; x_wconf 89' lang='lat' dir='ltr'>mores</span> <span class='ocrx_word' id='word_1_196' title='bbox 270 2907 502 2984; x_wconf 85' lang='lat' dir='ltr'>afferebantur,</span> <span class='ocrx_word' id='word_1_197' title='bbox 540 2909 724 2993; x_wconf 87' lang='lat' dir='ltr'>htterisque</span> <span class='ocrx_word' id='word_1_198' title='bbox 757 2911 834 2972; x_wconf 88' lang='lat' dir='ltr'>item</span> <span class='ocrx_word' id='word_1_199' title='bbox 867 2910 1002 2973; x_wconf 88' lang='lat' dir='ltr'>Labieni</span> <span class='ocrx_word' id='word_1_200' title='bbox 1036 2911 1156 2973; x_wconf 86' lang='lat' dir='ltr'>certior</span> 
     </span>
     <span class='ocr_line' id='line_1_29' title="bbox 126 2992 1156 3079; baseline 0.003 -25"><span class='ocrx_word' id='word_1_201' title='bbox 126 2992 234 3067; x_wconf 88' lang='lat' dir='ltr'>fiebat,</span> <span class='ocrx_word' id='word_1_202' title='bbox 259 3014 372 3055; x_wconf 90' lang='lat' dir='ltr'>omnes</span> <span class='ocrx_word' id='word_1_203' title='bbox 395 2992 524 3078; x_wconf 86' lang='lat' dir='ltr'>Belgas,</span> <span class='ocrx_word' id='word_1_204' title='bbox 548 2993 666 3077; x_wconf 85' lang='lat' dir='ltr'>²quam</span> <span class='ocrx_word' id='word_1_205' title='bbox 688 2995 817 3057; x_wconf 89' lang='lat' dir='ltr'>tertiam</span> <span class='ocrx_word' id='word_1_206' title='bbox 840 3016 914 3057; x_wconf 87' lang='lat' dir='ltr'>esse</span> <span class='ocrx_word' id='word_1_207' title='bbox 939 2993 1066 3057; x_wconf 89' lang='lat' dir='ltr'>Galliae</span> <span class='ocrx_word' id='word_1_208' title='bbox 1080 3017 1156 3079; x_wconf 90' lang='lat' dir='ltr'>par·</span> 
     </span>
     <span class='ocr_line' id='line_1_30' title="bbox 126 3076 1157 3162; baseline 0.005 -24"><span class='ocrx_word' id='word_1_209' title='bbox 126 3085 191 3139; x_wconf 88' lang='lat' dir='ltr'>tem</span> <span class='ocrx_word' id='word_1_210' title='bbox 215 3076 417 3153; x_wconf 79' lang='lat' dir='ltr'>dixeramuS,</span> <span class='ocrx_word' id='word_1_211' title='bbox 452 3086 567 3157; x_wconf 79' lang='lat' dir='ltr'>eontra</span> <span class='ocrx_word' id='word_1_212' title='bbox 594 3079 755 3162; x_wconf 91' lang='lat' dir='ltr'>populum</span> <span class='ocrx_word' id='word_1_213' title='bbox 777 3079 961 3142; x_wconf 89' lang='lat' dir='ltr'>Romanum</span> <span class='ocrx_word' id='word_1_214' title='bbox 983 3079 1157 3162; x_wconf 87' lang='lat' dir='ltr'>conjurare</span> 
     </span>
     <span class='ocr_line' id='line_1_31' title="bbox 126 3162 1156 3249; baseline 0.003 -25"><span class='ocrx_word' id='word_1_215' title='bbox 126 3162 330 3244; x_wconf 87' lang='lat' dir='ltr'>obsidesque</span> <span class='ocrx_word' id='word_1_216' title='bbox 351 3163 436 3224; x_wconf 89' lang='lat' dir='ltr'>inter</span> <span class='ocrx_word' id='word_1_217' title='bbox 462 3184 499 3226; x_wconf 89' lang='lat' dir='ltr'>se</span> <span class='ocrx_word' id='word_1_218' title='bbox 522 3163 609 3226; x_wconf 84' lang='lat' dir='ltr'>dare.</span> <span class='ocrx_word' id='word_1_219' title='bbox 655 3162 856 3249; x_wconf 88' lang='lat' dir='ltr'>Conjurandi</span> <span class='ocrx_word' id='word_1_220' title='bbox 884 3164 945 3226; x_wconf 91' lang='lat' dir='ltr'>has</span> <span class='ocrx_word' id='word_1_221' title='bbox 976 3185 1050 3226; x_wconf 91' lang='lat' dir='ltr'>esse</span> <span class='ocrx_word' id='word_1_222' title='bbox 1081 3186 1156 3227; x_wconf 89' lang='lat' dir='ltr'>cau·</span> 
     </span>
     <span class='ocr_line' id='line_1_32' title="bbox 127 3247 1158 3332; baseline 0.002 -23"><span class='ocrx_word' id='word_1_223' title='bbox 127 3268 197 3309; x_wconf 89' lang='lat' dir='ltr'>sas:</span> <span class='ocrx_word' id='word_1_224' title='bbox 220 3248 368 3332; x_wconf 91' lang='lat' dir='ltr'>primum,</span> <span class='ocrx_word' id='word_1_225' title='bbox 392 3247 484 3331; x_wconf 94' lang='lat' dir='ltr'>quod</span> <span class='ocrx_word' id='word_1_226' title='bbox 506 3256 707 3324; x_wconf 90' lang='lat' dir='ltr'>vererentur,</span> <span class='ocrx_word' id='word_1_227' title='bbox 730 3250 791 3312; x_wconf 81' lang='lat' dir='ltr'>³ne</span> <span class='ocrx_word' id='word_1_228' title='bbox 813 3250 901 3311; x_wconf 90' lang='lat' dir='ltr'>omni</span> <span class='ocrx_word' id='word_1_229' title='bbox 918 3258 1037 3332; x_wconf 88' lang='lat' dir='ltr'>pacata</span> <span class='ocrx_word' id='word_1_230' title='bbox 1049 3247 1158 3312; x_wconf 87' lang='lat' dir='ltr'>Gallia</span> 
     </span>
     <span class='ocr_line' id='line_1_33' title="bbox 125 3331 1155 3417; baseline 0.003 -23"><span class='ocrx_word' id='word_1_231' title='bbox 125 3331 170 3394; x_wconf 87' lang='lat' dir='ltr'>ad</span> <span class='ocrx_word' id='word_1_232' title='bbox 193 3354 251 3395; x_wconf 90' lang='lat' dir='ltr'>eos</span> <span class='ocrx_word' id='word_1_233' title='bbox 275 3333 439 3395; x_wconf 85' lang='lat' dir='ltr'>exercitus</span> <span class='ocrx_word' id='word_1_234' title='bbox 461 3341 580 3396; x_wconf 88' lang='lat' dir='ltr'>noster</span> <span class='ocrx_word' id='word_1_235' title='bbox 595 3331 829 3409; x_wconf 82' lang='lat' dir='ltr'>adduceretur3</span> <span class='ocrx_word' id='word_1_236' title='bbox 854 3332 982 3408; x_wconf 89' lang='lat' dir='ltr'>deinde,</span> <span class='ocrx_word' id='word_1_237' title='bbox 1006 3333 1098 3417; x_wconf 90' lang='lat' dir='ltr'>quod</span> <span class='ocrx_word' id='word_1_238' title='bbox 1113 3333 1155 3398; x_wconf 90' lang='lat' dir='ltr'>ab</span> 
     </span>
     <span class='ocr_line' id='line_1_34' title="bbox 124 3415 1157 3501; baseline 0.001 -21"><span class='ocrx_word' id='word_1_239' title='bbox 124 3417 290 3480; x_wconf 90' lang='lat' dir='ltr'>nonnullis</span> <span class='ocrx_word' id='word_1_240' title='bbox 316 3415 420 3480; x_wconf 88' lang='lat' dir='ltr'>Gallis</span> <span class='ocrx_word' id='word_1_241' title='bbox 458 3417 727 3493; x_wconf 86' lang='lat' dir='ltr'>sollicitarentur,</span> <span class='ocrx_word' id='word_1_242' title='bbox 754 3419 894 3501; x_wconf 85' lang='lat' dir='ltr'>⁴.partim</span> <span class='ocrx_word' id='word_1_243' title='bbox 917 3419 987 3501; x_wconf 92' lang='lat' dir='ltr'>qui,</span> <span class='ocrx_word' id='word_1_244' title='bbox 1015 3426 1053 3481; x_wconf 90' lang='lat' dir='ltr'>ut</span> <span class='ocrx_word' id='word_1_245' title='bbox 1076 3416 1157 3481; x_wconf 85' lang='lat' dir='ltr'>Ger·</span> 
     </span>
     <span class='ocr_line' id='line_1_35' title="bbox 36 3501 1157 3587; baseline -0.001 -20"><span class='ocrx_word' id='word_1_246' title='bbox 36 3561 39 3567; x_wconf 94' lang='lat'>.</span> <span class='ocrx_word' id='word_1_247' title='bbox 125 3522 240 3565; x_wconf 89' lang='lat' dir='ltr'>manos</span> <span class='ocrx_word' id='word_1_248' title='bbox 265 3501 387 3567; x_wconf 89' lang='lat' dir='ltr'>diutius</span> <span class='ocrx_word' id='word_1_249' title='bbox 410 3502 444 3564; x_wconf 88' lang='lat' dir='ltr'>in</span> <span class='ocrx_word' id='word_1_250' title='bbox 467 3501 574 3565; x_wconf 90' lang='lat' dir='ltr'>Gallia</span> <span class='ocrx_word' id='word_1_251' title='bbox 601 3503 728 3565; x_wconf 90' lang='lat' dir='ltr'>versari</span> <span class='ocrx_word' id='word_1_252' title='bbox 755 3504 945 3578; x_wconf 85' lang='lat' dir='ltr'>noluerant,</span> <span class='ocrx_word' id='word_1_253' title='bbox 972 3503 1019 3565; x_wconf 87' lang='lat' dir='ltr'>ita</span> <span class='ocrx_word' id='word_1_254' title='bbox 1040 3504 1157 3587; x_wconf 93' lang='lat' dir='ltr'>populi</span> 
     </span>
     <span class='ocr_line' id='line_1_36' title="bbox 124 3585 1157 3671; baseline 0.002 -22"><span class='ocrx_word' id='word_1_255' title='bbox 124 3585 264 3649; x_wconf 88' lang='lat' dir='ltr'>Romani</span> <span class='ocrx_word' id='word_1_256' title='bbox 286 3587 464 3650; x_wconf 87' lang='lat' dir='ltr'>exercitum</span> <span class='ocrx_word' id='word_1_257' title='bbox 487 3587 632 3650; x_wconf 85' lang='lat' dir='ltr'>hiemare</span> <span class='ocrx_word' id='word_1_258' title='bbox 655 3596 756 3671; x_wconf 88' lang='lat' dir='ltr'>atque</span> <span class='ocrx_word' id='word_1_259' title='bbox 777 3589 1019 3651; x_wconf 88' lang='lat' dir='ltr'>inveterascere</span> <span class='ocrx_word' id='word_1_260' title='bbox 1030 3588 1063 3650; x_wconf 92' lang='lat' dir='ltr'>in</span> <span class='ocrx_word' id='word_1_261' title='bbox 1079 3587 1157 3652; x_wconf 91' lang='lat' dir='ltr'>Gal·</span> 
     </span>
     <span class='ocr_line' id='line_1_37' title="bbox 124 3669 1157 3755; baseline 0.003 -22"><span class='ocrx_word' id='word_1_262' title='bbox 124 3670 169 3734; x_wconf 90' lang='lat' dir='ltr'>lia</span> <span class='ocrx_word' id='word_1_263' title='bbox 190 3671 330 3735; x_wconf 88' lang='lat' dir='ltr'>moleste</span> <span class='ocrx_word' id='word_1_264' title='bbox 352 3669 510 3746; x_wconf 85' lang='lat' dir='ltr'>ferebant,</span> <span class='ocrx_word' id='word_1_265' title='bbox 543 3671 661 3755; x_wconf 87' lang='lat' dir='ltr'>partim</span> <span class='ocrx_word' id='word_1_266' title='bbox 686 3673 742 3755; x_wconf 89' lang='lat' dir='ltr'>qui</span> <span class='ocrx_word' id='word_1_267' title='bbox 762 3673 944 3737; x_wconf 82' lang='lat' dir='ltr'>mobilitate</span> <span class='ocrx_word' id='word_1_268' title='bbox 968 3680 1001 3736; x_wconf 89' lang='lat' dir='ltr'>et</span> <span class='ocrx_word' id='word_1_269' title='bbox 1022 3672 1157 3736; x_wconf 87' lang='lat' dir='ltr'>levitate</span> 
     </span>
     <span class='ocr_line' id='line_1_38' title="bbox 125 3755 1223 3840; baseline 0.002 -22"><span class='ocrx_word' id='word_1_270' title='bbox 125 3756 221 3818; x_wconf 88' lang='lat' dir='ltr'>animi</span> <span class='ocrx_word' id='word_1_271' title='bbox 249 3756 344 3820; x_wconf 88' lang='lat' dir='ltr'>novis</span> <span class='ocrx_word' id='word_1_272' title='bbox 374 3756 518 3840; x_wconf 86' lang='lat' dir='ltr'>imperiis</span> <span class='ocrx_word' id='word_1_273' title='bbox 553 3755 745 3833; x_wconf 82' lang='lat' dir='ltr'>studebant3</span> <span class='ocrx_word' id='word_1_274' title='bbox 779 3759 820 3821; x_wconf 90' lang='lat' dir='ltr'>ab</span> <span class='ocrx_word' id='word_1_275' title='bbox 848 3756 1015 3821; x_wconf 88' lang='lat' dir='ltr'>nonnullis</span> <span class='ocrx_word' id='word_1_276' title='bbox 1045 3757 1157 3833; x_wconf 87' lang='lat' dir='ltr'>etiam,</span> <span class='ocrx_word' id='word_1_277' title='bbox 1219 3820 1223 3825; x_wconf 82' lang='grc'>,</span> 
     </span>
     <span class='ocr_line' id='line_1_39' title="bbox 126 3838 1156 3928; baseline 0.004 -26"><span class='ocrx_word' id='word_1_278' title='bbox 126 3838 218 3924; x_wconf 89' lang='lat' dir='ltr'>quod</span> <span class='ocrx_word' id='word_1_279' title='bbox 239 3839 273 3903; x_wconf 90' lang='lat' dir='ltr'>in</span> <span class='ocrx_word' id='word_1_280' title='bbox 296 3839 689 3926; x_wconf 86' lang='lat' dir='ltr'>Galliaapotentioribus</span> <span class='ocrx_word' id='word_1_281' title='bbox 713 3849 812 3928; x_wconf 87' lang='lat' dir='ltr'>atque</span> <span class='ocrx_word' id='word_1_282' title='bbox 833 3842 896 3920; x_wconf 91' lang='lat' dir='ltr'>his,</span> <span class='ocrx_word' id='word_1_283' title='bbox 920 3842 976 3927; x_wconf 91' lang='lat' dir='ltr'>qui</span> <span class='ocrx_word' id='word_1_284' title='bbox 998 3840 1042 3905; x_wconf 86' lang='lat' dir='ltr'>ad</span> <span class='ocrx_word' id='word_1_285' title='bbox 1064 3842 1156 3907; x_wconf 67' lang='grc' dir='ltr'><strong>50οη-</strong></span> 
     </span>
    </p>
   </div>
   <div class='ocr_carea' id='block_1_6' title="bbox 0 0 1244 4312">
    <p class='ocr_par' dir='ltr' id='par_1_7' title="bbox 0 0 1244 4312">
     <span class='ocr_line' id='line_1_40' title="bbox 0 0 1244 4312; baseline 0 0"><span class='ocrx_word' id='word_1_286' title='bbox 0 0 1244 4312; x_wconf 95' lang='lat' dir='ltr'> </span> 
     </span>
    </p>
   </div>
  </div>
 </body>
</html>
