2468 4312
443 239 505 283 un.
526 240 547 282 1.
593 239 661 282 aar.
685 218 821 283 39-41.
1084 219 1123 284 21

90 383 233 452 meamet,
257 373 345 454 ⁸fuos,
367 374 395 434 si
416 383 608 459 quaererent,
637 375 774 456 reperire
790 396 895 457 posse,
929 372 1126 436 diuturnitate

89 457 161 521 hetti·
183 458 359 545 defatipatis
393 458 496 522 Gallis
523 460 724 539 Ariouistum,
759 482 851 544 quarn
882 458 991 520 meritos
1011 482 1126 522 metues

89 543 200 606 castris
220 565 252 605 se
274 566 313 606 ac
328 542 499 627 paludibus
527 545 666 606 tenuisset
692 567 787 629 neqne
813 546 862 606 sni
883 553 1060 628 potestatem
1073 544 1125 630 fe-

89 629 183 707 cisset,
208 627 401 712 desperantes
414 631 487 711 jani
509 629 546 690 de
562 650 674 711 papan
697 640 724 691 et
745 630 896 712 dispersos
917 629 1014 691 subito
1033 630 1125 692 ador-

89 724 154 777 tum
175 716 276 797 mapis
307 716 427 777 ratione
449 726 477 777 et
498 714 623 776 consilio
647 737 740 799 qream
761 717 868 777 uirtute
889 716 1002 776 uicisse.
1048 714 1127 777 ⁹Cn'

88 799 209 861 rationi
231 810 339 862 curura
360 799 496 862 tornines
508 799 658 862 barbaros
670 811 758 884 ateste
780 801 935 883 imperitos
957 799 1126 886 locusfius-

87 894 139 964 set,
162 882 222 946 lucc
243 907 281 946 ne
303 886 404 969 ipsum
426 884 547 970 quidem
574 907 701 967 sperare
729 895 845 947 nastros
873 887 1020 947 censitus
1053 887 1126 968 capi

82 992 186 1054 posse.
232 969 258 1007 ¹⁰
268 970 329 1047 Qui
349 993 438 1033 sueini
459 972 597 1032 timorem
620 971 652 1032 in
674 971 721 1032 rei
740 969 971 1056 frumentariae
998 971 1125 1032 simula-

89 1056 204 1118 tionem
226 1057 441 1141 enpustiasqne
462 1056 580 1118 itineris
606 1055 782 1141 conferrent,
796 1056 907 1140 facere
929 1067 1124 1137 arroganter,

131 1162 184 1202 arn
207 1151 262 1202 ant
281 1141 319 1202 de
346 1141 446 1230 officio
474 1141 669 1224 imperatoris
696 1140 860 1223 desperare
888 1151 943 1202 ant
967 1143 1125 1224 praescri·

89 1162 161 1288 dire
182 1224 364 1288 uiderentur.
408 1225 497 1289 Haec
517 1226 577 1288 sibi
599 1249 659 1287 esse
681 1247 789 1287 aerae:
801 1224 994 1311 frumentun
1009 1226 1125 1310 Sequen-

88 1331 154 1389 nos,
176 1310 303 1390 Leucas,
326 1311 482 1393 Linpones
503 1311 741 1390 subministrare,
757 1313 887 1395 pantana
909 1334 968 1372 esse
990 1312 1023 1372 in
1042 1313 1126 1392 aeris

80 1393 246 1480 sintnenta
267 1407 409 1478 matara;
442 1396 479 1458 de
507 1397 615 1458 itinere
643 1397 725 1478 ipsos
747 1396 830 1457 breui
851 1406 984 1479 ternpore
998 1396 1125 1477 judica-

90 1491 183 1542 turos.
230 1479 320 1558 Quod
340 1502 403 1543 non
415 1479 490 1566 fore
511 1481 590 1542 dicto
614 1481 768 1543 audientes
790 1503 885 1566 neqree
912 1482 1002 1562 sipna
1031 1480 1127 1543 laturi

90 1564 243 1646 dicantar,
267 1565 347 1627 nihii
365 1589 397 1628 se
418 1589 455 1628 ea
477 1589 511 1628 re
533 1568 729 1647 commoueri;
750 1567 829 1627 scire
850 1568 945 1643 enini,
970 1565 1125 1650 llpiritun-

91 1671 219 1735 cumque
241 1652 387 1714 exercitus
409 1650 487 1714 dicto
517 1650 645 1714 audiens
673 1673 735 1712 non
759 1650 872 1737 fuer-it,
904 1661 958 1712 ant
983 1652 1064 1712 male
1092 1672 1127 1712 re

89 1745 175 1818 pasta
187 1734 353 1821 fortunam
363 1734 492 1821 defecisse
504 1737 671 1821 natalique
684 1735 831 1821 facinore
843 1745 993 1818 comperto
1016 1735 1126 1798 l'·'aea-

91 1821 199 1883 ritinm
221 1844 281 1883 esse
310 1824 493 1885 corevictani:
521 1845 609 1884 marn
637 1822 842 1883 innocentiam
865 1830 1020 1904 perpetua
1047 1823 1124 1899 cita,

82 1904 266 1992 felicitatem
287 1906 495 1969 Heluetiorum
528 1907 603 1969 bello
626 1929 686 1967 esse
702 1916 904 1990 perspectam.
949 1905 1124 1992 Impense,

93 1989 211 2076 ¹³qu0d
230 1992 265 2053 in
287 1991 454 2074 lonpiorem
475 1992 556 2054 diern
578 1991 744 2054 collaturus
766 2002 850 2070 esset,
880 2001 1125 2074 repraesentata-

90 2097 163 2138 rurn
185 2086 213 2138 et
227 2079 378 2160 proxima
399 2088 483 2140 nocte
504 2077 542 2139 de
563 2087 676 2162 quarta
697 2077 804 2159 nigritia
831 2088 933 2139 castra
955 2087 1123 2155 mutinum,

91 2171 241 2247 utquam
257 2163 399 2244 primum
421 2162 586 2245 intellipere
602 2172 711 2246 posset,
735 2172 839 2224 atram
862 2160 950 2244 apud
959 2184 1008 2223 eos
1017 2161 1126 2244 pudor

93 2256 183 2332 atque
205 2244 375 2335 1⁴afficiant
398 2271 440 2309 an
462 2248 552 2310 timer
573 2247 693 2309 ualeret.
741 2246 831 2325 Quod
851 2249 878 2308 si
894 2257 1059 2330 praeterea
1074 2269 1125 2307 ne·

91 2352 142 2394 nuo
163 2343 322 2417 sequatm,
352 2343 453 2395 tamen
480 2356 512 2395 se
539 2353 608 2394 nnn
629 2331 696 2394 sola
718 2332 836 2393 decima
859 2331 973 2412 lepione
995 2332 1124 2409 ituram,

92 2416 131 2479 de
151 2438 215 2502 qua
236 2439 299 2479 non
320 2417 479 2497 dubitaret,
502 2418 619 2565 sibppue
641 2440 709 2479 eant
731 2417 955 2501 1⁵praetorium
978 2415 1127 2478 colrortenu

82 2501 239 2588 ficturum.
283 2502 370 2564 Huic
391 2502 512 2587 legioni
573 2523 667 2564 aesar
691 2510 723 2565 et
745 2502 928 2563 indulserat
950 2502 1126 2584 praecipue

89 2594 128 2657 ,et
149 2593 286 2670 propter
308 2587 462 2650 virtutem
485 2586 674 2650 confidebat
696 2587 843 2648 maxime.

136 2671 188 2734 41.
231 2670 304 2733 Hac
327 2672 474 2734 oratione
496 2671 609 2735 habita
619 2672 736 2733 mirum
756 2672 791 2734 in
812 2669 946 2734 modum
968 2670 1126 2734 lcorner·

93 2776 151 2818 sae
174 2763 253 2818 sunt
275 2758 419 2819 omnium
440 2765 576 2831 mentes,
599 2777 791 2839 summaque
814 2756 967 2818 alacritas
992 2757 1126 2839 etcupi-

94 2838 182 2904 ditas
204 2840 283 2904 belli
305 2841 442 2926 gerendi
464 2842 574 2905 innata
597 2850 664 2915 est,
687 2842 908 2926 princepsque
933 2841 1059 2903 ‹ieeima¹
1081 2840 1126 2902 le·

92 2924 147 3010 gio
170 2946 231 3009 per
253 2926 404 2990 tribunos
428 2926 565 2989 militum
589 2927 618 2988 ei
640 2926 762 3010 gratias
793 2928 872 3011 egit,
904 2925 995 3007 quod
1025 2925 1066 2987 de
1090 2946 1126 2987 se

94 3010 253 3093 optimum
269 3010 431 3095 judicium
452 3009 600 3085 fecisset,
635 3032 737 3093 seque
761 3033 836 3074 esse
858 3009 902 3073 ad
924 3010 1048 3073 bellum
1071 3030 1126 3094 ge-

93 3093 233 3158 rendum
249 3097 489 3179 paratissimam
512 3095 724 3159 confirmavit.
768 3095 896 3159 Deinde
918 3095 1064 3177 reliquae
1080 3094 1127 3156 le-

92 3179 209 3264 giones
243 3201 318 3243 cum
350 3180 489 3244 tribunis
523 3180 662 3243 militum
691 3188 725 3243 et
751 3181 951 3264 ²prim0rum
975 3179 1126 3242 ordinum

93 3264 340 3330 centurionibus
363 3272 508 3350 egerunt,
531 3266 579 3328 uti
602 3263 735 3328 Caesari
748 3265 989 3328 satisfacerent:
1014 3286 1049 3326 se
1065 3285 1127 3326 nec

92 3370 238 3432 unquam
265 3349 437 3413 dubitasse
464 3371 571 3433 neque
599 3350 748 3413 timuisse
776 3371 883 3432 neque
912 3346 956 3410 de
980 3349 1128 3409 ³summa

91 3433 172 3497 belli
195 3455 292 3498 suum
319 3433 496 3519 judicium,
530 3433 593 3496 sed
620 3435 826 3517 imperatoris
857 3454 931 3496 esse
961 3432 1126 3494 existima·

92 3520 191 3583 visse.
234 3517 361 3582 Eorum
384 3517 608 3583 satisfactione
642 3528 779 3602 accepta
808 3526 841 3581 et
867 3517 983 3579 itinere
1013 3517 1127 3599 exqui-

93 3604 158 3668 sito
207 3625 242 3666 er
264 3604 470 3679 Divitiacum,
494 3603 586 3687 quod
608 3604 672 3666 *ex
695 3604 767 3666 aliis
791 3604 820 3665 ei
842 3601 1013 3663 maximam
1029 3600 1126 3664 fidem

91 3625 247 3763 habaiu,
265 3688 328 3752 '⁵ut
349 3689 472 3751 milium
494 3687 633 3773 amplius
650 3686 885 3771 quinquaginta
911 3686 1048 3748 circuitu
1078 3688 1127 3750 lo·

92 3775 140 3837 cis
163 3773 287 3858 apertis
318 3774 496 3836 exercitum
525 3773 674 3846 duceret,
709 3772 751 3836 de
780 3780 897 3856 quarta
930 3771 1055 3856 vigilia,
1089 3780 1127 3834 ut

93 3857 237 3935 dixerat,
272 3856 444 3945 profectus
473 3865 532 3922 est.
577 3856 725 3942 Septimo
750 3857 817 3934 die,
847 3877 946 3941 quum
975 3856 1037 3919 iter
1059 3878 1126 3918 non
