2468 4312
440 229 501 271 ma.
523 229 555 270 v.
601 228 670 271 our.
695 207 828 272 19-24.
1093 206 1133 274 81

102 359 233 423 navalia
256 358 297 423 de
320 361 500 444 improviso
524 360 716 424 adoriantur
738 370 837 444 atque
860 368 1061 445 oppugnent.
1089 359 1136 424 ¹Ii

103 466 204 528 quum
227 445 271 508 ad
294 457 402 509 castra
425 447 603 519 venissent,
627 447 732 509 nostri
756 447 927 530 eruptione
948 446 1036 511 faeta
1053 446 1135 510 mul-

102 532 146 593 tis
171 553 284 594 eorum
306 531 496 607 interfectis
530 543 628 616 capto
664 533 760 594 etiam
793 532 894 613 nobili
919 531 1003 595 duee
1025 531 1135 617 Lugo-

102 616 217 701 torige,
240 640 322 679 suos
334 617 514 680 incolumes
528 617 738 680 reduxerunt.
784 615 1053 681 ³Casivellaunus
1069 617 1136 682 hoe

101 702 231 785 proelio
254 704 407 766 nunciato
431 713 483 766 tot
505 703 709 766 detrimentis
733 701 1049 786 acceptis'vastatis
1065 703 1135 766 fini-

102 786 176 862 bus
199 788 338 851 maxime
351 789 446 851 etiam
459 797 628 871 permotus
642 786 826 851 defectione
849 788 1024 862 civitatum,
1047 788 1135 872 lega-

102 879 157 935 tos
180 894 240 956 per
263 873 453 937 Atrebatem
478 873 659 938 Commium
683 873 725 936 de
748 872 916 937 deditione
949 873 993 937 ad
1016 873 1134 936 Caesa·

100 978 171 1020 rem
193 959 298 1020 mittit.
345 957 474 1034 Caesar,
498 980 598 1041 quarn
620 959 848 1021 constituisset
859 958 1001 1021 hiemare
1012 959 1044 1021 in
1058 981 1135 1022 eon-

101 1041 217 1106 tinenti
239 1053 377 1127 propter
399 1045 590 1129 repentinos
615 1043 741 1107 Galliae
763 1052 883 1118 motus,
917 1065 1024 1126 neque
1052 1045 1135 1106 mul-

101 1135 171 1190 turn
194 1129 329 1192 aestatis
353 1137 546 1212 superesset
569 1139 667 1213 atque
689 1128 745 1192 ⁴id
767 1128 863 1192 facile
886 1130 1014 1192 extrahi
1032 1150 1134 1212 posse

99 1211 306 1298 intelligeret,
331 1214 467 1277 obsides
489 1215 628 1296 imperat
651 1225 692 1290 et,
715 1214 816 1296 ⁵quid
839 1215 872 1277 in
895 1236 999 1277 anuos
1024 1216 1134 1297 singu·

100 1296 154 1360 los
179 1299 349 1384 vectigalis
372 1300 499 1383 populo
522 1299 673 1363 Romano
696 1299 863 1363 Britannia
875 1299 1043 1383 penderet,
1056 1322 1132 1362 con·

102 1383 225 1458 stituit3
247 1383 433 1448 ⁰interdicit
455 1394 554 1467 atque
576 1384 965 1468 imperatCasivellauno‚
988 1385 1134 1449 neMan·

102 1467 263 1533 dubracio
286 1491 351 1533 neu
373 1469 633 1534 Trinobantibus
657 1480 783 1534 noceat.

146 1553 196 1617 23.
242 1553 426 1618 Obsidibus
449 1557 594 1639 acceptis
618 1557 796 1619 exercitum
817 1554 946 1618 reducit
969 1555 1012 1619 ad
1033 1577 1131 1631 mare,

101 1661 203 1704 naves
225 1640 350 1704 invenit
371 1640 521 1704 refectas.
566 1641 627 1704 llis
651 1640 813 1716 deductis,
837 1640 929 1723 quod
941 1650 974 1703 et
985 1643 1131 1724 captivo-

100 1748 174 1789 rum
194 1747 348 1811 magnum
370 1748 541 1789 nurnerum
562 1727 714 1799 habebat,
738 1735 770 1789 et
797 1725 975 1789 nonnullae
1009 1737 1132 1810 tempe·

101 1820 189 1874 state
212 1811 420 1895 deperierant
441 1834 553 1886 naves,
583 1812 734 1875 ¹duobus
768 1812 1004 1874 commeatibus
1039 1833 1131 1874 exer-

100 1898 201 1960 citum
224 1906 394 1981 reportare
416 1898 565 1960 instituit
611 1897 680 1960 2Αο
703 1897 751 1959 sic
774 1897 902 1971 accidit,
925 1897 973 1960 uti
996 1919 1037 1959 ex
1060 1904 1130 1960 tan-

100 1991 136 2046 to
159 1983 290 2045 navium
312 2004 447 2046 numero
473 1992 523 2046 tot
545 1983 807 2067 navigationibus
842 2004 948 2066 neque
981 1981 1046 2044 hoe
1075 2005 1130 2045 ne-

101 2088 165 2150 que
188 2068 359 2151 superiore
392 2089 477 2130 anno
511 2067 579 2130 ulla
601 2069 732 2131 omnino
756 2069 858 2140 navis,
893 2089 977 2151 quae
1010 2068 1129 2130 milites

101 2160 257 2236 portaret,
281 2153 540 2228 desideraretur3
564 2161 598 2217 at
620 2175 661 2216 ex
684 2154 733 2228 iis,
756 2175 840 2237 quae
863 2155 976 2215 inanes
993 2175 1035 2215 ex
1054 2175 1130 2215 con-

99 2237 216 2300 tinenti
238 2237 282 2301 ad
305 2260 378 2302 eum
400 2239 650 2313 remitterentur,
674 2249 706 2301 et
728 2241 847 2324 prioris
861 2247 1061 2301 commeatus
1075 2260 1130 2300 ex·

99 2323 219 2407 positis
242 2324 409 2399 militibus
443 2333 476 2387 et
510 2344 593 2407 quas
626 2333 746 2408 postea
772 2324 938 2388 Labienus
961 2322 1129 2385 faciendas

100 2417 273 2472 curaverat
294 2431 428 2473 numero
453 2409 632 2494 sexaginta,
655 2409 860 2493 3perpaucae
893 2408 1002 2470 locum
1035 2429 1129 2491 eape-

99 2505 181 2569 rent‚
214 2493 361 2577 reliquae
393 2494 461 2558 fere
495 2516 608 2557 omnes
637 2495 859 2578 rejicerentur.
915 2492 1005 2573 Quas
1030 2514 1130 2576 quum

100 2579 301 2663 aliquamdiu
324 2578 446 2642 Caesar
467 2579 592 2642 frustra
614 2589 851 2663 exspectasset,
873 2581 934 2642 ⁴ne
957 2580 1032 2641 anni
1050 2588 1129 2642 tem·

99 2686 181 2750 pore
204 2685 224 2726 a
248 2665 456 2749 navigatione
490 2665 730 2740 excluderetur,
763 2665 855 2749 quod
889 2664 1130 2747 aequinoctium

99 2751 243 2824 suberat,
265 2751 453 2812 necessario
477 2751 650 2834 angustius
672 2750 790 2813 milites
803 2749 982 2814 collocavit
992 2772 1030 2813 ac
1042 2772 1130 2813 sum-

98 2855 151 2897 ma
174 2834 411 2918 tranquillitate
434 2847 620 2910 consecuta,
655 2835 801 2899 secunda
833 2836 913 2899 inita
939 2857 1039 2919 quum
1062 2835 1129 2898 sol-

99 2920 204 2982 visset
226 2920 343 3005 vigilia‚
367 2921 471 3004 prima
494 2921 566 2984 luce
588 2928 707 2984 terram
730 2921 837 3007 attigit
859 2921 1060 3004 ⁵0mnesque
1082 2922 1128 2984 in-

99 3005 246 3068 columes
270 3026 371 3068 naves
395 3005 559 3089 perduxit.

143 3090 192 3154 24.
239 3090 440 3154 ¹Subduetis
464 3092 602 3154 navibus
615 3090 820 3174 concilioque
834 3089 1004 3154 Gallorum
1017 3090 1128 3156 Sama·

98 3176 251 3238 robrivae
274 3184 419 3260 peracte,
444 3177 536 3258 quod
558 3197 597 3239 eo
621 3198 706 3240 anno
735 3175 932 3240 frumentum
959 3178 992 3239 in
1022 3175 1129 3245 Gallia

97 3269 236 3344 propter
248 3262 412 3324 siccitates
425 3262 599 3345 angustius
621 3272 828 3345 provenerat,
852 3271 987 3326 coactus
1004 3271 1055 3328 est
1071 3262 1128 3324 ali-

97 3356 149 3408 ter
172 3366 210 3408 ac
232 3348 457 3429 superioribus
481 3347 573 3409 annis
597 3348 775 3410 exereitum
798 3349 831 3410 in
852 3348 997 3411 hibernis
1024 3347 1128 3409 collos

99 3451 174 3493 care
197 3430 409 3516 legionesque
443 3432 475 3493 in
508 3433 620 3516 plures
655 3433 804 3495 civitates
840 3432 1051 3507 distribuere3
1086 3454 1128 3496 ex

99 3516 218 3598 quibus
243 3538 338 3579 nnarn
361 3518 392 3579 in
415 3516 564 3580 Morinos
589 3516 772 3580 ducendam
786 3516 869 3601 Gajo
892 3516 993 3583 Fabio
1017 3518 1126 3602 legato

99 3599 200 3676 dedit
223 3600 358 3665 alteram
381 3603 414 3664 in
436 3603 578 3666 Nervios
603 3600 642 3680 Q.
655 3601 813 3674 Ciceroni,
836 3603 962 3677 tertiam
986 3602 1018 3664 in
1041 3603 1126 3666 Esu-

97 3687 170 3749 vios
195 3686 230 3750 L.
254 3687 386 3760 Roscio
411 3696 559 3768 quartam
580 3687 614 3750 in
636 3687 747 3749 Remis
772 3708 845 3749 curn
867 3685 906 3761 Τ.
930 3685 1075 3756 Labieno
1093 3689 1127 3757 in

98 3772 239 3835 confinio
273 3771 485 3834 Trevirorum
518 3771 660 3834 hiemare
689 3771 806 3855 jussit-3
839 3771 926 3841 2tres
959 3771 993 3833 in
1014 3771 1125 3857 Belgis

97 3858 288 3938 collocavit:
322 3857 375 3919 his
397 3856 441 3919 M.
467 3855 623 3920 Crassum
658 3865 867 3942 quaestorem
897 3864 929 3919 et
952 3855 987 3919 L.
1010 3857 1126 3922 Muna-
