2468 4312
407 247 466 288 nm
488 247 543 289 vn.
581 247 648 288 cnr.
672 224 806 288 36-39.
1059 227 1119 292 133

98 377 143 442 ad
165 378 288 443 bellum
309 378 520 453 mitterentur,
543 378 773 463 praeficeretur
796 389 893 465 atque
917 402 955 444 ea
970 379 1121 444 ducenda

97 478 236 535 curaret,
258 463 441 548 fratresque
479 465 549 550 ejus
583 463 627 527 ad
660 463 832 530 Caesarem
865 477 1122 552 praecurrerent.

97 550 241 634 Reliqua
262 571 327 632 qua
348 551 472 613 ratione
495 551 547 635 agi
570 550 706 634 placeat,
728 554 939 616 constituunt.

142 637 192 699 38.
237 635 403 698 Litavicns
427 647 562 720 accepto
580 637 732 711 exercitu,
756 659 853 721 quum
866 639 950 702 milia
964 658 1121 720 passuum

98 721 228 785 circiter
249 743 318 785 xxx
340 723 381 783 ab
416 720 579 806 Gergovia
612 723 752 797 abesset,
787 725 977 787 convocatis
1011 723 1120 784 subito

98 807 255 871 militibus
279 806 459 879 lacrimans,
494 808 560 886 Qoo
577 809 810 894 proficiscimur,
847 810 960 893 inquit,
993 805 1122 870 militer?

100 894 208 957 Omnis
228 904 327 955 noster
350 895 503 978 equitanie,
526 894 623 955 omnis
644 894 785 958 nobilitas
806 897 935 978 interiit5
962 896 1122 978 principer

98 979 235 1056 civitati,
260 977 475 1061 ¹Eporedoria
496 989 524 1042 et
551 979 768 1059 Viridomarus,
794 983 962 1044 insimulati
970 979 1121 1064 proditio-

98 1065 147 1128 nis
169 1063 209 1127 ab
231 1064 381 1126 Romanis
412 1065 527 1128 indicta
559 1087 654 1127 canoa
687 1066 833 1151 interjecti
852 1078 928 1130 sant.
973 1066 1060 1129 Haeo
1083 1064 1122 1127 ab

99 1151 175 1234 ipoir
197 1151 368 1232 oopnoscite,
392 1151 445 1234 qni
466 1173 502 1212 ea
517 1150 687 1233 praecede
699 1152 865 1238 superant,-
886 1175 960 1215 nam
982 1173 1033 1235 epo
1046 1150 1122 1238 fra·

98 1236 194 1301 tribua
216 1245 305 1319 atque
336 1235 473 1299 omnibns
500 1238 687 1321 propinquis
719 1239 792 1299 meis
825 1239 987 1322 interfectis
1019 1237 1122 1298 dolore

122 1320 269 1399 rotibeor,
338 1344 376 1384 oe
404 1332 487 1404 perta
521 1332 596 1392 rant,
614 1325 833 1405 pronunciare.
889 1322 1122 1387 Producuntur

92 1344 143 1480 ii,
166 1426 251 1489 quos
274 1405 329 1468 ile
352 1405 537 1479 edocuerat,
561 1428 644 1490 quae
667 1407 730 1471 dici
753 1409 861 1480 vellet,
885 1419 983 1490 atque
999 1407 1121 1479 eadem,

100 1513 184 1576 quac
207 1490 372 1554 Litavicus
397 1493 677 1576 pronunciaverat,
706 1493 903 1556 multitudini
938 1504 1120 1576 exponunt:

98 1579 206 1641 molior
228 1578 336 1662 equites
357 1576 556 1641 Haeduorum
579 1578 751 1663 interfector,
784 1579 866 1665 qnod
886 1579 1022 1641 collocati
1055 1600 1124 1640 cam

98 1664 248 1729 Arvernis
269 1662 455 1745 dicerentar5
480 1665 561 1746 ipsos
581 1686 612 1725 re
633 1665 711 1726 inter·
744 1665 962 1727 multitudinem
993 1663 1124 1725 militam

98 1749 260 1813 ooarltame
282 1759 370 1846 atque
402 1772 439 1811 ea
470 1748 572 1812 medio
605 1749 695 1811 caede
707 1749 834 1835 supine.
889 1749 1122 1812 ²Conclamant

100 1832 229 1898 Haedui
240 1845 272 1897 ct
284 1833 462 1897 Litavicum
486 1835 668 1908 obsecrant,
691 1845 728 1898 ut
750 1836 811 1898 sibi
834 1835 993 1898 consulat.
1027 1834 1123 1913 Qnorr‘

99 1943 177 2000 aero,
200 1920 304 2002 inquit
326 1919 390 1994 ille,
414 1920 533 1982 consilii
553 1921 592 1982 sit
612 1943 660 1983 rer
683 1943 720 1983 ac
742 1942 803 1983 non
825 1943 940 1984 necesse
967 1922 1006 1983 rit
1037 1920 1123 1982 nobis

100 2006 287 2090 Gerpooiam
307 2006 483 2068 cornendere
505 2017 533 2068 et
554 2029 621 2067 cam
642 2008 790 2069 Arvernis
812 2018 925 2069 nosmet
935 2009 1121 2088 constrepere.

98 2095 150 2157 An
181 2091 360 2168 dictitamus,
394 2093 468 2176 pain
500 2091 620 2176 nefario
643 2091 790 2176 facinore
822 2093 953 2155 admisso
986 2092 1123 2155 Romani

91 2181 162 2259 jam
185 2177 228 2240 od
260 2199 314 2238 nos
346 2177 564 2265 interficiendos
596 2175 800 2240 concurrant?
832 2178 976 2255 Proinde,
999 2176 1124 2261 siquid

100 2265 132 2327 in
155 2263 241 2326 nobis
263 2262 360 2325 animi
382 2273 430 2341 ert,
460 2285 682 2347 persequamur
714 2285 817 2326 eoram
847 2274 979 2334 mortem,
1002 2264 1054 2346 qni
1076 2264 1122 2322 in-

999 2349 1123 2409 ciamus.

99 2350 274 2433 dipniorr'me
305 2349 488 2426 interierunt,
522 2359 611 2433 atqne
642 2348 695 2410 hos
732 2350 863 2411 latrones
900 2349 1023 2494 interpr¹

976 2452 1123 2494 ncrauna

100 2433 256 2498 Ostendit
278 2434 366 2495 cives
389 2433 565 2503 Romanos,
589 2435 642 2515 qui
667 2433 738 2515 ejas
761 2433 946 2517 praesidiiti

100 2529 206 2593 erant3
229 2540 380 2603 magnum
403 2540 569 2582 numerum
593 2519 742 2582 frumenti
766 2527 1030 2598 commeatusque
1047 2517 1123 2579 diri·

100 2607 158 2691 pit,
191 2606 283 2689 ipsos
317 2604 492 2668 crudeliter
526 2605 729 2666 excruciatos
763 2603 921 2666 interficit.
975 2603 1121 2666 Nuncios

99 2705 172 2756 tota
193 2692 323 2754 civitate
346 2689 558 2752 Haeduorum
581 2689 720 2759 dimittit,
744 2689 861 2752 eodem
889 2687 1057 2751 mendacio
1082 2687 1123 2750 dc

100 2776 202 2841 caede
224 2776 370 2859 equitum
402 2785 436 2838 et
465 2775 645 2860 principum
679 2786 860 2858 permovet3
894 2774 1054 2848 hortatur,
1088 2785 1124 2836 ut

101 2862 197 2925 simili
219 2862 353 2935 ratione,
375 2870 474 2944 atque
495 2862 567 2944 ipse
589 2859 710 2935 fecerit,
744 2883 820 2924 suas
854 2860 988 2945 injurias
1011 2881 1123 2944 perse-

100 2957 249 3032 quantur.

143 3033 193 3096 39.
238 3031 447 3117 Eporedorix
468 3031 636 3104 Haeduus,
660 3053 786 3095 summo
809 3032 883 3094 loco
896 3038 992 3093 natus
1012 3029 1123 3092 adolo-

100 3140 198 3182 scens
222 3129 254 3182 et
277 3139 420 3181 summae
443 3116 531 3180 domi
554 3119 727 3201 potentiae,
751 3127 784 3181 et
807 3139 871 3180 una
886 3115 1123 3189 Vindomium,

99 3205 171 3288 pari
193 3213 300 3268 aetate
323 3218 357 3266 et
377 3203 488 3288 gratia,
513 3202 574 3266 sed
595 3225 711 3288 genere
735 3203 867 3286 dispari,
892 3199 1123 3286 quemCaesar

100 3291 143 3354 ab
165 3288 327 3353 Divitiaco
351 3289 411 3352 sibi
436 3288 589 3352 traditum
614 3312 656 3353 ex
677 3288 788 3352 humili
813 3288 887 3351 loco
910 3286 952 3350 ad
966 3307 1123 3349 summam

98 3374 290 3460 dignitatem
313 3373 520 3458 perduxerat,
543 3375 575 3438 iu
598 3376 742 3457 equitnm
759 3395 892 3436 numero
905 3381 1125 3434 convenerant

100 3461 290 3524 nominatim
313 3460 354 3523 ab
378 3482 418 3523 eo
440 3460 575 3524 evocati.
621 3459 681 3522 His
705 3468 774 3522 erat
796 3460 880 3521 inter
903 3479 939 3520 se
966 3455 1008 3519 dc
1037 3457 1123 3540 prin·

101 3546 212 3630 cipatu
234 3547 411 3621 contentio,
434 3561 468 3610 et
488 3548 521 3610 in
543 3546 598 3611 illa
624 3546 870 3630 magistratuum
899 3541 1126 3605 controversia

99 3631 185 3695 alter
208 3654 268 3716 pro
293 3631 561 3704 Convictolitavis,
584 3631 666 3695 alter
689 3652 749 3715 pro
773 3629 857 3692 Coto
886 3628 1020 3690 summis
1055 3628 1125 3711 opi·

98 3718 163 3781 bus
186 3728 419 3802 pugnaverant.
462 3717 515 3781 Ex
537 3717 576 3780 iis
599 3714 809 3801 Eporedorix
832 3713 964 3798 cognito
987 3713 1124 3777 Litavici

100 3803 242 3867 consilio
265 3802 372 3867 media
393 3802 462 3867 fera
489 3813 585 3866 nocte
619 3823 687 3865 rem
720 3799 763 3864 ad
797 3798 971 3863 Caesarem
1005 3797 1125 3872 defert;

100 3899 183 3965 orat
207 3912 244 3952 ne
259 3890 405 3975 potiatur
424 3890 574 3967 civitatem
589 3888 702 3973 proris
727 3886 959 3951 adolescentum
993 3885 1126 3950 consiliis
