<?xml version="1.0" encoding="UTF-8"?>
<!DOCTYPE html PUBLIC "-//W3C//DTD XHTML 1.0 Transitional//EN"
    "http://www.w3.org/TR/xhtml1/DTD/xhtml1-transitional.dtd">
<html xmlns="http://www.w3.org/1999/xhtml" xml:lang="en" lang="en">
 <head>
  <title>
</title>
<meta http-equiv="Content-Type" content="text/html;charset=utf-8" />
  <meta name='ocr-system' content='tesseract 3.04.00' />
  <meta name='ocr-capabilities' content='ocr_page ocr_carea ocr_par ocr_line ocrx_word'/>
</head>
<body>
  <div class='ocr_page' id='page_1' title='image "./cjuliicaesarisc00friggoog_0138.png"; bbox 0 0 2468 4312; ppageno 0'>
   <div class='ocr_carea' id='block_1_1' title="bbox 413 235 1112 305">
    <p class='ocr_par' dir='ltr' id='par_1_1' title="bbox 413 235 1112 305">
     <span class='ocr_line' id='line_1_1' title="bbox 413 235 1112 305; baseline 0.001 -2"><span class='ocrx_word' id='word_1_1' title='bbox 413 260 475 303; x_wconf 84' lang='grc'><strong>1111.</strong></span> <span class='ocrx_word' id='word_1_2' title='bbox 496 259 570 303; x_wconf 76' lang='lat' dir='ltr'><strong>vra-</strong></span> <span class='ocrx_word' id='word_1_3' title='bbox 586 259 656 302; x_wconf 82' lang='lat' dir='ltr'><strong>csr.</strong></span> <span class='ocrx_word' id='word_1_4' title='bbox 678 235 794 301; x_wconf 81' lang='lat'>9-13.</span> <span class='ocrx_word' id='word_1_5' title='bbox 1055 235 1112 305; x_wconf 77' lang='lat'><strong>121</strong></span> 
     </span>
    </p>
   </div>
   <div class='ocr_carea' id='block_1_2' title="bbox 79 390 1174 3948">
    <p class='ocr_par' dir='ltr' id='par_1_2' title="bbox 79 390 1121 1245">
     <span class='ocr_line' id='line_1_2' title="bbox 79 390 1116 480; baseline -0.007 -17"><span class='ocrx_word' id='word_1_6' title='bbox 79 398 161 465; x_wconf 85' lang='lat' dir='ltr'><strong>bare</strong></span> <span class='ocrx_word' id='word_1_7' title='bbox 177 396 284 480; x_wconf 85' lang='lat' dir='ltr'><strong>jubet</strong></span> <span class='ocrx_word' id='word_1_8' title='bbox 330 391 543 458; x_wconf 78' lang='lat' dir='ltr'><strong>Cenabenses</strong></span> <span class='ocrx_word' id='word_1_9' title='bbox 569 391 671 476; x_wconf 89' lang='lat' dir='ltr'><strong>paulo</strong></span> <span class='ocrx_word' id='word_1_10' title='bbox 704 399 779 454; x_wconf 89' lang='lat' dir='ltr'><strong>anta</strong></span> <span class='ocrx_word' id='word_1_11' title='bbox 812 390 952 456; x_wconf 86' lang='lat' dir='ltr'><strong>mediam</strong></span> <span class='ocrx_word' id='word_1_12' title='bbox 986 401 1116 456; x_wconf 88' lang='lat' dir='ltr'><strong>noctem</strong></span> 
     </span>
     <span class='ocr_line' id='line_1_3' title="bbox 81 475 1115 563; baseline -0.005 -17"><span class='ocrx_word' id='word_1_13' title='bbox 81 482 216 546; x_wconf 85' lang='lat' dir='ltr'><strong>silentio</strong></span> <span class='ocrx_word' id='word_1_14' title='bbox 239 502 282 546; x_wconf 84' lang='lat' dir='ltr'><strong>ex</strong></span> <span class='ocrx_word' id='word_1_15' title='bbox 304 478 430 563; x_wconf 89' lang='lat' dir='ltr'><strong>oppido</strong></span> <span class='ocrx_word' id='word_1_16' title='bbox 454 477 579 562; x_wconf 85' lang='lat' dir='ltr'><strong>egressi</strong></span> <span class='ocrx_word' id='word_1_17' title='bbox 607 475 726 541; x_wconf 88' lang='lat' dir='ltr'><strong>llumeu</strong></span> <span class='ocrx_word' id='word_1_18' title='bbox 755 479 895 542; x_wconf 86' lang='lat' dir='ltr'><strong>transire</strong></span> <span class='ocrx_word' id='word_1_19' title='bbox 924 485 1115 562; x_wconf 88' lang='lat' dir='ltr'><strong>coeperunt.</strong></span> 
     </span>
     <span class='ocr_line' id='line_1_4' title="bbox 82 561 1116 651; baseline -0.007 -20"><span class='ocrx_word' id='word_1_20' title='bbox 82 566 160 646; x_wconf 86' lang='lat' dir='ltr'><strong>Qua</strong></span> <span class='ocrx_word' id='word_1_21' title='bbox 181 587 219 630; x_wconf 86' lang='lat' dir='ltr'><strong>ra</strong></span> <span class='ocrx_word' id='word_1_22' title='bbox 236 586 301 651; x_wconf 88' lang='lat' dir='ltr'><strong>-per</strong></span> <span class='ocrx_word' id='word_1_23' title='bbox 312 563 542 648; x_wconf 67' lang='lat' dir='ltr'>exploratores</span> <span class='ocrx_word' id='word_1_24' title='bbox 554 562 707 625; x_wconf 88' lang='lat' dir='ltr'><strong>nunciata</strong></span> <span class='ocrx_word' id='word_1_25' title='bbox 719 561 842 625; x_wconf 86' lang='lat' dir='ltr'><strong>Caesar</strong></span> <span class='ocrx_word' id='word_1_26' title='bbox 863 563 1018 648; x_wconf 76' lang='lat' dir='ltr'><strong>legiones,</strong></span> <span class='ocrx_word' id='word_1_27' title='bbox 1033 583 1116 644; x_wconf 88' lang='lat' dir='ltr'><strong>quas</strong></span> 
     </span>
     <span class='ocr_line' id='line_1_5' title="bbox 81 647 1118 736; baseline -0.007 -20"><span class='ocrx_word' id='word_1_28' title='bbox 81 650 260 736; x_wconf 78' lang='lat' dir='ltr'><strong>expeditas</strong></span> <span class='ocrx_word' id='word_1_29' title='bbox 283 670 360 714; x_wconf 88' lang='lat' dir='ltr'><strong>esse</strong></span> <span class='ocrx_word' id='word_1_30' title='bbox 376 648 533 732; x_wconf 87' lang='lat' dir='ltr'><strong>jusserat,</strong></span> <span class='ocrx_word' id='word_1_31' title='bbox 555 648 662 731; x_wconf 86' lang='lat' dir='ltr'><strong>portia</strong></span> <span class='ocrx_word' id='word_1_32' title='bbox 684 648 828 710; x_wconf 75' lang='lat' dir='ltr'>incensis</span> <span class='ocrx_word' id='word_1_33' title='bbox 850 647 1038 711; x_wconf 89' lang='lat' dir='ltr'><strong>intromittit</strong></span> <span class='ocrx_word' id='word_1_34' title='bbox 1069 655 1118 710; x_wconf 85' lang='lat' dir='ltr'><strong>at·</strong></span> 
     </span>
     <span class='ocr_line' id='line_1_6' title="bbox 84 731 1118 822; baseline -0.006 -22"><span class='ocrx_word' id='word_1_35' title='bbox 84 758 151 822; x_wconf 92' lang='lat' dir='ltr'><strong>que</strong></span> <span class='ocrx_word' id='word_1_36' title='bbox 173 735 301 820; x_wconf 89' lang='lat' dir='ltr'><strong>oppido</strong></span> <span class='ocrx_word' id='word_1_37' title='bbox 323 735 450 818; x_wconf 89' lang='lat' dir='ltr'><strong>potitur</strong></span> <span class='ocrx_word' id='word_1_38' title='bbox 470 733 646 817; x_wconf 77' lang='lat' dir='ltr'><strong>perpaucis</strong></span> <span class='ocrx_word' id='word_1_39' title='bbox 670 754 712 795; x_wconf 85' lang='lat' dir='ltr'><strong>ex</strong></span> <span class='ocrx_word' id='word_1_40' title='bbox 735 731 880 795; x_wconf 89' lang='lat' dir='ltr'><strong>hostium</strong></span> <span class='ocrx_word' id='word_1_41' title='bbox 902 753 1038 796; x_wconf 87' lang='lat' dir='ltr'><strong>numero</strong></span> <span class='ocrx_word' id='word_1_42' title='bbox 1061 731 1118 794; x_wconf 88' lang='lat' dir='ltr'><strong>de·</strong></span> 
     </span>
     <span class='ocr_line' id='line_1_7' title="bbox 84 817 1120 903; baseline -0.007 -17"><span class='ocrx_word' id='word_1_43' title='bbox 84 820 251 895; x_wconf 78' lang='lat' dir='ltr'><strong>sideratis,</strong></span> <span class='ocrx_word' id='word_1_44' title='bbox 272 819 373 903; x_wconf 68' lang='lat' dir='ltr'><strong>³quin</strong></span> <span class='ocrx_word' id='word_1_45' title='bbox 395 819 503 882; x_wconf 87' lang='lat' dir='ltr'><strong>cuncti</strong></span> <span class='ocrx_word' id='word_1_46' title='bbox 525 826 730 901; x_wconf 83' lang='lat' dir='ltr'><strong>caperentur,</strong></span> <span class='ocrx_word' id='word_1_47' title='bbox 758 817 850 899; x_wconf 91' lang='lat' dir='ltr'><strong>qnod</strong></span> <span class='ocrx_word' id='word_1_48' title='bbox 878 818 1000 902; x_wconf 77' lang='lat' dir='ltr'><strong>pontis·</strong></span> <span class='ocrx_word' id='word_1_49' title='bbox 1020 824 1120 901; x_wconf 86' lang='lat' dir='ltr'><strong>atqua</strong></span> 
     </span>
     <span class='ocr_line' id='line_1_8' title="bbox 84 901 1120 988; baseline -0.005 -17"><span class='ocrx_word' id='word_1_50' title='bbox 84 907 239 971; x_wconf 85' lang='lat' dir='ltr'><strong>itinerum</strong></span> <span class='ocrx_word' id='word_1_51' title='bbox 258 904 431 988; x_wconf 75' lang='lat' dir='ltr'><strong>angustiae</strong></span> <span class='ocrx_word' id='word_1_52' title='bbox 464 901 681 966; x_wconf 77' lang='lat' dir='ltr'>multitudinis</span> <span class='ocrx_word' id='word_1_53' title='bbox 716 901 825 985; x_wconf 84' lang='lat' dir='ltr'><strong>fugam</strong></span> <span class='ocrx_word' id='word_1_54' title='bbox 858 902 1120 966; x_wconf 81' lang='lat' dir='ltr'><strong>intercluserunt.</strong></span> 
     </span>
     <span class='ocr_line' id='line_1_9' title="bbox 85 986 1121 1076; baseline -0.008 -20"><span class='ocrx_word' id='word_1_55' title='bbox 85 989 259 1076; x_wconf 79' lang='lat' dir='ltr'>Oppidum</span> <span class='ocrx_word' id='word_1_56' title='bbox 281 988 394 1072; x_wconf 80' lang='lat' dir='ltr'><strong>diripit</strong></span> <span class='ocrx_word' id='word_1_57' title='bbox 415 997 516 1072; x_wconf 88' lang='lat' dir='ltr'><strong>atque</strong></span> <span class='ocrx_word' id='word_1_58' title='bbox 536 986 689 1061; x_wconf 78' lang='lat' dir='ltr'><strong>incendit,</strong></span> <span class='ocrx_word' id='word_1_59' title='bbox 713 987 869 1071; x_wconf 75' lang='lat' dir='ltr'><strong>praedam</strong></span> <span class='ocrx_word' id='word_1_60' title='bbox 881 987 1037 1051; x_wconf 85' lang='lat' dir='ltr'><strong>militibus</strong></span> <span class='ocrx_word' id='word_1_61' title='bbox 1061 986 1121 1048; x_wconf 91' lang='lat' dir='ltr'><strong>do·</strong></span> 
     </span>
     <span class='ocr_line' id='line_1_10' title="bbox 85 1071 1120 1158; baseline -0.008 -16"><span class='ocrx_word' id='word_1_62' title='bbox 85 1085 154 1151; x_wconf 85' lang='lat' dir='ltr'><strong>nat,</strong></span> <span class='ocrx_word' id='word_1_63' title='bbox 176 1074 355 1140; x_wconf 83' lang='lat' dir='ltr'><strong>exercitum</strong></span> <span class='ocrx_word' id='word_1_64' title='bbox 388 1073 538 1158; x_wconf 81' lang='lat' dir='ltr'><strong>Ligerem</strong></span> <span class='ocrx_word' id='word_1_65' title='bbox 571 1071 716 1136; x_wconf 88' lang='lat' dir='ltr'><strong>traducit</strong></span> <span class='ocrx_word' id='word_1_66' title='bbox 749 1081 848 1156; x_wconf 87' lang='lat' dir='ltr'><strong>atque</strong></span> <span class='ocrx_word' id='word_1_67' title='bbox 873 1074 907 1137; x_wconf 89' lang='lat' dir='ltr'><strong>in</strong></span> <span class='ocrx_word' id='word_1_68' title='bbox 935 1072 1120 1157; x_wconf 83' lang='lat' dir='ltr'><strong>Biturigum</strong></span> 
     </span>
     <span class='ocr_line' id='line_1_11' title="bbox 86 1159 352 1245; baseline -0.019 -19"><span class='ocrx_word' id='word_1_69' title='bbox 86 1161 172 1226; x_wconf 89' lang='lat' dir='ltr'><strong>fines</strong></span> <span class='ocrx_word' id='word_1_70' title='bbox 195 1159 352 1245; x_wconf 85' lang='lat' dir='ltr'><strong>pervenit</strong></span> 
     </span>
    </p>

    <p class='ocr_par' dir='ltr' id='par_1_3' title="bbox 87 1240 1130 2774">
     <span class='ocr_line' id='line_1_12' title="bbox 136 1240 1122 1327; baseline -0.006 -16"><span class='ocrx_word' id='word_1_71' title='bbox 136 1246 184 1310; x_wconf 86' lang='lat'><strong>12.</strong></span> <span class='ocrx_word' id='word_1_72' title='bbox 229 1242 490 1327; x_wconf 81' lang='lat' dir='ltr'><strong>Vercingetorix,</strong></span> <span class='ocrx_word' id='word_1_73' title='bbox 512 1242 568 1306; x_wconf 92' lang='lat' dir='ltr'><strong>ubi</strong></span> <span class='ocrx_word' id='word_1_74' title='bbox 592 1240 633 1305; x_wconf 89' lang='lat' dir='ltr'><strong>de</strong></span> <span class='ocrx_word' id='word_1_75' title='bbox 656 1241 808 1306; x_wconf 76' lang='lat' dir='ltr'><strong>Caesaris</strong></span> <span class='ocrx_word' id='word_1_76' title='bbox 832 1242 976 1307; x_wconf 88' lang='lat' dir='ltr'><strong>adventu</strong></span> <span class='ocrx_word' id='word_1_77' title='bbox 999 1263 1122 1326; x_wconf 89' lang='lat' dir='ltr'><strong>cogno·</strong></span> 
     </span>
     <span class='ocr_line' id='line_1_13' title="bbox 87 1326 1124 1414; baseline -0.004 -19"><span class='ocrx_word' id='word_1_78' title='bbox 87 1331 148 1405; x_wconf 70' lang='grc'><strong>1111.</strong></span> <span class='ocrx_word' id='word_1_79' title='bbox 170 1328 417 1414; x_wconf 88' lang='lat' dir='ltr'><strong>oppugnatione</strong></span> <span class='ocrx_word' id='word_1_80' title='bbox 429 1327 556 1391; x_wconf 87' lang='lat' dir='ltr'><strong>destitit</strong></span> <span class='ocrx_word' id='word_1_81' title='bbox 566 1339 666 1411; x_wconf 88' lang='lat' dir='ltr'><strong>atque</strong></span> <span class='ocrx_word' id='word_1_82' title='bbox 689 1328 820 1391; x_wconf 89' lang='lat' dir='ltr'><strong>obviam</strong></span> <span class='ocrx_word' id='word_1_83' title='bbox 842 1327 974 1392; x_wconf 82' lang='lat' dir='ltr'><strong>Caesari</strong></span> <span class='ocrx_word' id='word_1_84' title='bbox 992 1326 1124 1410; x_wconf 82' lang='lat' dir='ltr'><strong>protici-</strong></span> 
     </span>
     <span class='ocr_line' id='line_1_14' title="bbox 89 1412 1124 1497; baseline -0.005 -17"><span class='ocrx_word' id='word_1_85' title='bbox 89 1417 204 1480; x_wconf 86' lang='lat' dir='ltr'><strong>scitur.</strong></span> <span class='ocrx_word' id='word_1_86' title='bbox 247 1414 308 1479; x_wconf 90' lang='lat' dir='ltr'><strong>llle</strong></span> <span class='ocrx_word' id='word_1_87' title='bbox 330 1412 491 1497; x_wconf 85' lang='lat' dir='ltr'><strong>oppidum</strong></span> <span class='ocrx_word' id='word_1_88' title='bbox 513 1413 696 1496; x_wconf 84' lang='lat' dir='ltr'><strong>Biturigum</strong></span> <span class='ocrx_word' id='word_1_89' title='bbox 744 1414 864 1476; x_wconf 89' lang='lat' dir='ltr'><strong>ositum</strong></span> <span class='ocrx_word' id='word_1_90' title='bbox 886 1414 920 1475; x_wconf 90' lang='lat' dir='ltr'><strong>in</strong></span> <span class='ocrx_word' id='word_1_91' title='bbox 933 1413 987 1476; x_wconf 90' lang='lat' dir='ltr'><strong>via</strong></span> <span class='ocrx_word' id='word_1_92' title='bbox 999 1413 1124 1478; x_wconf 91' lang='lat' dir='ltr'><strong>Novio-</strong></span> 
     </span>
     <span class='ocr_line' id='line_1_15' title="bbox 90 1435 1124 1585; baseline -0.005 -19"><span class='ocrx_word' id='word_1_93' title='bbox 90 1501 221 1566; x_wconf 77' lang='lat' dir='ltr'><strong>dunum·</strong></span> <span class='ocrx_word' id='word_1_94' title='bbox 240 1519 432 1585; x_wconf 78' lang='lat' dir='ltr'><strong>oppugnare</strong></span> <span class='ocrx_word' id='word_1_95' title='bbox 455 1498 650 1560; x_wconf 87' lang='lat' dir='ltr'><strong>instituerat.</strong></span> <span class='ocrx_word' id='word_1_96' title='bbox 706 1435 782 1576; x_wconf 60' lang='grc'><strong>(1110</strong></span> <span class='ocrx_word' id='word_1_97' title='bbox 808 1519 850 1561; x_wconf 86' lang='lat' dir='ltr'><strong>ex</strong></span> <span class='ocrx_word' id='word_1_98' title='bbox 873 1498 1000 1582; x_wconf 91' lang='lat' dir='ltr'><strong>oppido</strong></span> <span class='ocrx_word' id='word_1_99' title='bbox 1023 1518 1124 1580; x_wconf 87' lang='lat' dir='ltr'><strong>quum</strong></span> 
     </span>
     <span class='ocr_line' id='line_1_16' title="bbox 90 1583 1125 1671; baseline -0.005 -20"><span class='ocrx_word' id='word_1_100' title='bbox 90 1586 192 1671; x_wconf 85' lang='lat' dir='ltr'><strong>legati</strong></span> <span class='ocrx_word' id='word_1_101' title='bbox 214 1584 257 1648; x_wconf 92' lang='lat' dir='ltr'><strong>ad</strong></span> <span class='ocrx_word' id='word_1_102' title='bbox 283 1605 356 1648; x_wconf 91' lang='lat' dir='ltr'><strong>eum</strong></span> <span class='ocrx_word' id='word_1_103' title='bbox 391 1583 560 1646; x_wconf 87' lang='lat' dir='ltr'><strong>venissent</strong></span> <span class='ocrx_word' id='word_1_104' title='bbox 592 1592 736 1657; x_wconf 89' lang='lat' dir='ltr'><strong>oratum,</strong></span> <span class='ocrx_word' id='word_1_105' title='bbox 769 1591 807 1647; x_wconf 91' lang='lat' dir='ltr'><strong>ut</strong></span> <span class='ocrx_word' id='word_1_106' title='bbox 839 1583 901 1648; x_wconf 90' lang='lat' dir='ltr'><strong>sibi</strong></span> <span class='ocrx_word' id='word_1_107' title='bbox 935 1585 1125 1668; x_wconf 78' lang='lat' dir='ltr'><strong>ignosceret</strong></span> 
     </span>
     <span class='ocr_line' id='line_1_17' title="bbox 89 1667 1125 1753; baseline -0.005 -18"><span class='ocrx_word' id='word_1_108' title='bbox 89 1691 241 1753; x_wconf 87' lang='lat' dir='ltr'><strong>suaeque</strong></span> <span class='ocrx_word' id='word_1_109' title='bbox 273 1670 360 1732; x_wconf 89' lang='lat' dir='ltr'><strong>vitae</strong></span> <span class='ocrx_word' id='word_1_110' title='bbox 393 1667 591 1740; x_wconf 83' lang='lat' dir='ltr'><strong>consuleret,</strong></span> <span class='ocrx_word' id='word_1_111' title='bbox 623 1679 661 1730; x_wconf 89' lang='lat' dir='ltr'><strong>ut</strong></span> <span class='ocrx_word' id='word_1_112' title='bbox 693 1668 859 1732; x_wconf 87' lang='lat' dir='ltr'><strong>celeritate</strong></span> <span class='ocrx_word' id='word_1_113' title='bbox 893 1668 1036 1752; x_wconf 89' lang='lat' dir='ltr'><strong>reliquas</strong></span> <span class='ocrx_word' id='word_1_114' title='bbox 1070 1689 1125 1733; x_wconf 90' lang='lat' dir='ltr'><strong>res</strong></span> 
     </span>
     <span class='ocr_line' id='line_1_18' title="bbox 93 1753 1127 1838; baseline -0.003 -19"><span class='ocrx_word' id='word_1_115' title='bbox 93 1754 279 1834; x_wconf 77' lang='lat' dir='ltr'><strong>conticeret,</strong></span> <span class='ocrx_word' id='word_1_116' title='bbox 303 1775 369 1837; x_wconf 92' lang='lat' dir='ltr'><strong>qua</strong></span> <span class='ocrx_word' id='word_1_117' title='bbox 390 1753 549 1838; x_wconf 88' lang='lat' dir='ltr'><strong>pleraque</strong></span> <span class='ocrx_word' id='word_1_118' title='bbox 583 1761 654 1816; x_wconf 89' lang='lat' dir='ltr'><strong>erat</strong></span> <span class='ocrx_word' id='word_1_119' title='bbox 685 1761 894 1829; x_wconf 87' lang='lat' dir='ltr'><strong>consecutus,</strong></span> <span class='ocrx_word' id='word_1_120' title='bbox 927 1775 1018 1818; x_wconf 90' lang='lat' dir='ltr'><strong>arma</strong></span> <span class='ocrx_word' id='word_1_121' title='bbox 1050 1773 1127 1816; x_wconf 91' lang='lat' dir='ltr'><strong>con·</strong></span> 
     </span>
     <span class='ocr_line' id='line_1_19' title="bbox 92 1837 1127 1924; baseline -0.005 -18"><span class='ocrx_word' id='word_1_122' title='bbox 92 1840 182 1914; x_wconf 78' lang='lat' dir='ltr'><strong>ferri,</strong></span> <span class='ocrx_word' id='word_1_123' title='bbox 216 1860 321 1924; x_wconf 90' lang='lat' dir='ltr'><strong>equos</strong></span> <span class='ocrx_word' id='word_1_124' title='bbox 355 1838 504 1924; x_wconf 86' lang='lat' dir='ltr'><strong>produci,</strong></span> <span class='ocrx_word' id='word_1_125' title='bbox 539 1837 675 1901; x_wconf 89' lang='lat' dir='ltr'><strong>obsides</strong></span> <span class='ocrx_word' id='word_1_126' title='bbox 702 1837 773 1901; x_wconf 91' lang='lat' dir='ltr'><strong>dari</strong></span> <span class='ocrx_word' id='word_1_127' title='bbox 791 1837 896 1922; x_wconf 87' lang='lat' dir='ltr'><strong>jubet.</strong></span> <span class='ocrx_word' id='word_1_128' title='bbox 940 1838 1039 1902; x_wconf 90' lang='lat' dir='ltr'><strong>Parte</strong></span> <span class='ocrx_word' id='word_1_129' title='bbox 1058 1837 1127 1920; x_wconf 84' lang='lat' dir='ltr'><strong>jam</strong></span> 
     </span>
     <span class='ocr_line' id='line_1_20' title="bbox 94 1923 1126 2006; baseline -0.005 -16"><span class='ocrx_word' id='word_1_130' title='bbox 94 1924 251 1990; x_wconf 89' lang='lat' dir='ltr'><strong>obsidum</strong></span> <span class='ocrx_word' id='word_1_131' title='bbox 274 1924 395 1988; x_wconf 86' lang='lat' dir='ltr'><strong>tradita</strong></span> <span class='ocrx_word' id='word_1_132' title='bbox 416 1944 517 2006; x_wconf 92' lang='lat' dir='ltr'><strong>quum</strong></span> <span class='ocrx_word' id='word_1_133' title='bbox 544 1923 671 2006; x_wconf 89' lang='lat' dir='ltr'><strong>reliqua</strong></span> <span class='ocrx_word' id='word_1_134' title='bbox 703 1923 1017 1998; x_wconf 84' lang='lat' dir='ltr'><strong>administrarentur,</strong></span> <span class='ocrx_word' id='word_1_135' title='bbox 1051 1945 1126 1986; x_wconf 92' lang='lat' dir='ltr'><strong>cen·</strong></span> 
     </span>
     <span class='ocr_line' id='line_1_21' title="bbox 94 2009 1128 2094; baseline -0.005 -18"><span class='ocrx_word' id='word_1_136' title='bbox 94 2011 282 2076; x_wconf 86' lang='lat' dir='ltr'><strong>turiouibus</strong></span> <span class='ocrx_word' id='word_1_137' title='bbox 316 2018 349 2072; x_wconf 90' lang='lat' dir='ltr'><strong>et</strong></span> <span class='ocrx_word' id='word_1_138' title='bbox 382 2009 497 2093; x_wconf 88' lang='lat' dir='ltr'><strong>paucis</strong></span> <span class='ocrx_word' id='word_1_139' title='bbox 531 2009 687 2072; x_wconf 90' lang='lat' dir='ltr'><strong>militibus</strong></span> <span class='ocrx_word' id='word_1_140' title='bbox 722 2010 930 2084; x_wconf 88' lang='lat' dir='ltr'><strong>intromissis,</strong></span> <span class='ocrx_word' id='word_1_141' title='bbox 959 2009 1016 2094; x_wconf 91' lang='lat' dir='ltr'><strong>qui</strong></span> <span class='ocrx_word' id='word_1_142' title='bbox 1039 2027 1128 2071; x_wconf 88' lang='lat' dir='ltr'><strong>arma</strong></span> 
     </span>
     <span class='ocr_line' id='line_1_22' title="bbox 91 2092 1128 2183; baseline -0.005 -23"><span class='ocrx_word' id='word_1_143' title='bbox 91 2097 308 2183; x_wconf 87' lang='lat' dir='ltr'><strong>jumentaque</strong></span> <span class='ocrx_word' id='word_1_144' title='bbox 329 2095 571 2176; x_wconf 88' lang='lat' dir='ltr'><strong>conquirerent,</strong></span> <span class='ocrx_word' id='word_1_145' title='bbox 595 2094 761 2176; x_wconf 88' lang='lat' dir='ltr'><strong>equitatus</strong></span> <span class='ocrx_word' id='word_1_146' title='bbox 784 2095 930 2158; x_wconf 87' lang='lat' dir='ltr'><strong>boatium</strong></span> <span class='ocrx_word' id='word_1_147' title='bbox 952 2093 1070 2180; x_wconf 89' lang='lat' dir='ltr'><strong>procul</strong></span> <span class='ocrx_word' id='word_1_148' title='bbox 1081 2092 1128 2155; x_wconf 91' lang='lat' dir='ltr'><strong>vi-</strong></span> 
     </span>
     <span class='ocr_line' id='line_1_23' title="bbox 94 2177 1130 2263; baseline -0.004 -18"><span class='ocrx_word' id='word_1_149' title='bbox 94 2202 157 2245; x_wconf 91' lang='lat' dir='ltr'><strong>sus</strong></span> <span class='ocrx_word' id='word_1_150' title='bbox 180 2188 240 2249; x_wconf 81' lang='lat' dir='ltr'><strong>est.</strong></span> <span class='ocrx_word' id='word_1_151' title='bbox 263 2180 320 2263; x_wconf 92' lang='lat' dir='ltr'><strong>qui</strong></span> <span class='ocrx_word' id='word_1_152' title='bbox 342 2200 460 2263; x_wconf 82' lang='lat' dir='ltr'><strong>agmen</strong></span> <span class='ocrx_word' id='word_1_153' title='bbox 469 2178 750 2263; x_wconf 79' lang='lat' dir='ltr'><strong>Vercingetorigis</strong></span> <span class='ocrx_word' id='word_1_154' title='bbox 763 2186 994 2243; x_wconf 88' lang='lat' dir='ltr'><strong>antecesserat</strong></span> <span class='ocrx_word' id='word_1_155' title='bbox 1023 2177 1130 2257; x_wconf 85' lang='lat' dir='ltr'><strong>Quem</strong></span> 
     </span>
     <span class='ocr_line' id='line_1_24' title="bbox 96 2261 1130 2348; baseline -0.005 -18"><span class='ocrx_word' id='word_1_156' title='bbox 96 2265 296 2348; x_wconf 89' lang='lat' dir='ltr'><strong>simulatque</strong></span> <span class='ocrx_word' id='word_1_157' title='bbox 318 2263 477 2347; x_wconf 84' lang='lat' dir='ltr'><strong>oppidani</strong></span> <span class='ocrx_word' id='word_1_158' title='bbox 499 2274 744 2346; x_wconf 86' lang='lat' dir='ltr'><strong>conspexerunt</strong></span> <span class='ocrx_word' id='word_1_159' title='bbox 756 2274 855 2346; x_wconf 86' lang='lat' dir='ltr'><strong>atque</strong></span> <span class='ocrx_word' id='word_1_160' title='bbox 866 2265 898 2327; x_wconf 92' lang='lat' dir='ltr'><strong>in</strong></span> <span class='ocrx_word' id='word_1_161' title='bbox 911 2285 1005 2348; x_wconf 89' lang='lat' dir='ltr'><strong>spem</strong></span> <span class='ocrx_word' id='word_1_162' title='bbox 1017 2261 1130 2327; x_wconf 80' lang='lat' dir='ltr'><strong>auxilii</strong></span> 
     </span>
     <span class='ocr_line' id='line_1_25' title="bbox 96 2348 1130 2433; baseline -0.003 -19"><span class='ocrx_word' id='word_1_163' title='bbox 96 2358 267 2424; x_wconf 82' lang='lat' dir='ltr'><strong>venerunt,</strong></span> <span class='ocrx_word' id='word_1_164' title='bbox 290 2348 433 2412; x_wconf 84' lang='lat' dir='ltr'><strong>clamore</strong></span> <span class='ocrx_word' id='word_1_165' title='bbox 455 2349 589 2412; x_wconf 86' lang='lat' dir='ltr'><strong>sublato</strong></span> <span class='ocrx_word' id='word_1_166' title='bbox 612 2369 701 2412; x_wconf 89' lang='lat' dir='ltr'><strong>arma</strong></span> <span class='ocrx_word' id='word_1_167' title='bbox 730 2370 856 2433; x_wconf 85' lang='lat' dir='ltr'><strong>capere,</strong></span> <span class='ocrx_word' id='word_1_168' title='bbox 890 2357 1006 2432; x_wconf 89' lang='lat' dir='ltr'><strong>portas</strong></span> <span class='ocrx_word' id='word_1_169' title='bbox 1041 2348 1130 2411; x_wconf 89' lang='lat' dir='ltr'><strong>clau·</strong></span> 
     </span>
     <span class='ocr_line' id='line_1_26' title="bbox 98 2433 1130 2517; baseline -0.005 -17"><span class='ocrx_word' id='word_1_170' title='bbox 98 2436 188 2509; x_wconf 87' lang='lat' dir='ltr'><strong>dere,</strong></span> <span class='ocrx_word' id='word_1_171' title='bbox 209 2455 337 2499; x_wconf 90' lang='lat' dir='ltr'><strong>murum</strong></span> <span class='ocrx_word' id='word_1_172' title='bbox 352 2433 519 2517; x_wconf 87' lang='lat' dir='ltr'><strong>complere</strong></span> <span class='ocrx_word' id='word_1_173' title='bbox 541 2443 730 2517; x_wconf 88' lang='lat' dir='ltr'><strong>coeperunt.</strong></span> <span class='ocrx_word' id='word_1_174' title='bbox 775 2433 992 2497; x_wconf 71' lang='lat' dir='ltr'><strong>Centuritmes</strong></span> <span class='ocrx_word' id='word_1_175' title='bbox 1014 2433 1047 2496; x_wconf 91' lang='lat' dir='ltr'><strong>iu</strong></span> <span class='ocrx_word' id='word_1_176' title='bbox 1071 2453 1130 2515; x_wconf 92' lang='lat' dir='ltr'><strong>op·</strong></span> 
     </span>
     <span class='ocr_line' id='line_1_27' title="bbox 98 2517 1130 2621; baseline -0.004 -37"><span class='ocrx_word' id='word_1_177' title='bbox 98 2519 189 2621; x_wconf 86' lang='lat' dir='ltr'><strong>pido,</strong></span> <span class='ocrx_word' id='word_1_178' title='bbox 213 2540 313 2604; x_wconf 92' lang='lat' dir='ltr'><strong>quum</strong></span> <span class='ocrx_word' id='word_1_179' title='bbox 336 2539 377 2581; x_wconf 86' lang='grc'><strong>01(</strong></span> <span class='ocrx_word' id='word_1_180' title='bbox 400 2518 638 2602; x_wconf 82' lang='lat' dir='ltr'><strong>significatione</strong></span> <span class='ocrx_word' id='word_1_181' title='bbox 662 2518 832 2582; x_wconf 88' lang='lat' dir='ltr'><strong>Gallorum</strong></span> <span class='ocrx_word' id='word_1_182' title='bbox 854 2519 933 2582; x_wconf 84' lang='lat' dir='ltr'><strong>nori</strong></span> <span class='ocrx_word' id='word_1_183' title='bbox 948 2517 1072 2602; x_wconf 89' lang='lat' dir='ltr'><strong>aliquid</strong></span> <span class='ocrx_word' id='word_1_184' title='bbox 1088 2517 1130 2580; x_wconf 86' lang='lat' dir='ltr'><strong>ab</strong></span> 
     </span>
     <span class='ocr_line' id='line_1_28' title="bbox 98 2602 1130 2688; baseline -0.005 -17"><span class='ocrx_word' id='word_1_185' title='bbox 98 2607 140 2671; x_wconf 87' lang='lat' dir='ltr'><strong>ris</strong></span> <span class='ocrx_word' id='word_1_186' title='bbox 162 2605 234 2668; x_wconf 92' lang='lat' dir='ltr'><strong>iniri</strong></span> <span class='ocrx_word' id='word_1_187' title='bbox 257 2603 385 2667; x_wconf 90' lang='lat' dir='ltr'><strong>consilii</strong></span> <span class='ocrx_word' id='word_1_188' title='bbox 406 2603 657 2677; x_wconf 85' lang='lat' dir='ltr'><strong>intellexissent,</strong></span> <span class='ocrx_word' id='word_1_189' title='bbox 679 2604 798 2688; x_wconf 87' lang='lat' dir='ltr'><strong>gladiis</strong></span> <span class='ocrx_word' id='word_1_190' title='bbox 825 2602 992 2667; x_wconf 87' lang='lat' dir='ltr'><strong>destrictis</strong></span> <span class='ocrx_word' id='word_1_191' title='bbox 1015 2611 1130 2688; x_wconf 86' lang='lat' dir='ltr'><strong>portas</strong></span> 
     </span>
     <span class='ocr_line' id='line_1_29' title="bbox 99 2689 1088 2774; baseline -0.005 -19"><span class='ocrx_word' id='word_1_192' title='bbox 99 2697 348 2774; x_wconf 86' lang='lat' dir='ltr'><strong>occupaverunt</strong></span> <span class='ocrx_word' id='word_1_193' title='bbox 370 2709 519 2771; x_wconf 89' lang='lat' dir='ltr'><strong>suosque</strong></span> <span class='ocrx_word' id='word_1_194' title='bbox 541 2709 654 2751; x_wconf 87' lang='lat' dir='ltr'><strong>omnes</strong></span> <span class='ocrx_word' id='word_1_195' title='bbox 678 2689 861 2752; x_wconf 88' lang='lat' dir='ltr'><strong>incolumes</strong></span> <span class='ocrx_word' id='word_1_196' title='bbox 883 2697 1088 2773; x_wconf 84' lang='lat' dir='ltr'><strong>receperunt</strong></span> 
     </span>
    </p>

    <p class='ocr_par' dir='ltr' id='par_1_4' title="bbox 97 2773 1174 3948">
     <span class='ocr_line' id='line_1_30' title="bbox 148 2773 1132 2859; baseline -0.003 -21"><span class='ocrx_word' id='word_1_197' title='bbox 148 2775 195 2838; x_wconf 83' lang='lat'><strong>13.</strong></span> <span class='ocrx_word' id='word_1_198' title='bbox 239 2773 362 2837; x_wconf 85' lang='lat' dir='ltr'><strong>Caesar</strong></span> <span class='ocrx_word' id='word_1_199' title='bbox 385 2793 427 2836; x_wconf 84' lang='lat' dir='ltr'><strong>ex</strong></span> <span class='ocrx_word' id='word_1_200' title='bbox 448 2774 568 2836; x_wconf 87' lang='lat' dir='ltr'><strong>castris</strong></span> <span class='ocrx_word' id='word_1_201' title='bbox 591 2773 771 2854; x_wconf 88' lang='lat' dir='ltr'><strong>equitatum</strong></span> <span class='ocrx_word' id='word_1_202' title='bbox 794 2773 889 2837; x_wconf 89' lang='lat' dir='ltr'><strong>educi</strong></span> <span class='ocrx_word' id='word_1_203' title='bbox 907 2774 1013 2859; x_wconf 75' lang='lat' dir='ltr'><strong>jubet,</strong></span> <span class='ocrx_word' id='word_1_204' title='bbox 1034 2793 1132 2857; x_wconf 90' lang='lat' dir='ltr'><strong>proe-</strong></span> 
     </span>
     <span class='ocr_line' id='line_1_31' title="bbox 97 2856 1132 2944; baseline -0.002 -20"><span class='ocrx_word' id='word_1_205' title='bbox 97 2860 182 2924; x_wconf 89' lang='lat' dir='ltr'><strong>lium</strong></span> <span class='ocrx_word' id='word_1_206' title='bbox 203 2871 357 2942; x_wconf 90' lang='lat' dir='ltr'><strong>equestre</strong></span> <span class='ocrx_word' id='word_1_207' title='bbox 379 2858 567 2921; x_wconf 84' lang='lat' dir='ltr'><strong>committit:</strong></span> <span class='ocrx_word' id='word_1_208' title='bbox 600 2857 828 2922; x_wconf 88' lang='lat' dir='ltr'><strong>laborantibus</strong></span> <span class='ocrx_word' id='word_1_209' title='bbox 851 2859 920 2944; x_wconf 89' lang='lat' dir='ltr'><strong>jam</strong></span> <span class='ocrx_word' id='word_1_210' title='bbox 951 2859 1021 2923; x_wconf 91' lang='lat' dir='ltr'><strong>suis</strong></span> <span class='ocrx_word' id='word_1_211' title='bbox 1051 2856 1132 2922; x_wconf 88' lang='lat' dir='ltr'><strong>Ger·</strong></span> 
     </span>
     <span class='ocr_line' id='line_1_32' title="bbox 99 2942 1133 3028; baseline -0.001 -21"><span class='ocrx_word' id='word_1_212' title='bbox 99 2965 218 3008; x_wconf 90' lang='lat' dir='ltr'><strong>manos</strong></span> <span class='ocrx_word' id='word_1_213' title='bbox 240 2944 369 3028; x_wconf 87' lang='lat' dir='ltr'><strong>equites</strong></span> <span class='ocrx_word' id='word_1_214' title='bbox 392 2943 521 3006; x_wconf 87' lang='lat' dir='ltr'><strong>circiter</strong></span> <span class='ocrx_word' id='word_1_215' title='bbox 542 2964 619 3005; x_wconf 89' lang='lat' dir='ltr'><strong>cccc</strong></span> <span class='ocrx_word' id='word_1_216' title='bbox 642 2944 812 3020; x_wconf 80' lang='lat' dir='ltr'><strong>submittit,</strong></span> <span class='ocrx_word' id='word_1_217' title='bbox 845 2964 932 3027; x_wconf 89' lang='lat' dir='ltr'><strong>quos</strong></span> <span class='ocrx_word' id='word_1_218' title='bbox 965 2945 1007 3008; x_wconf 89' lang='lat' dir='ltr'><strong>ab</strong></span> <span class='ocrx_word' id='word_1_219' title='bbox 1040 2942 1133 3007; x_wconf 90' lang='lat' dir='ltr'><strong>initio</strong></span> 
     </span>
     <span class='ocr_line' id='line_1_33' title="bbox 100 3027 1134 3113; baseline -0.003 -19"><span class='ocrx_word' id='word_1_220' title='bbox 100 3029 225 3094; x_wconf 88' lang='lat' dir='ltr'><strong>habere</strong></span> <span class='ocrx_word' id='word_1_221' title='bbox 247 3050 359 3093; x_wconf 88' lang='lat' dir='ltr'><strong>secum</strong></span> <span class='ocrx_word' id='word_1_222' title='bbox 381 3028 575 3092; x_wconf 86' lang='lat' dir='ltr'><strong>instituerat</strong></span> <span class='ocrx_word' id='word_1_223' title='bbox 620 3027 745 3092; x_wconf 85' lang='lat' dir='ltr'><strong>Eorum</strong></span> <span class='ocrx_word' id='word_1_224' title='bbox 767 3030 923 3113; x_wconf 90' lang='lat' dir='ltr'><strong>impetum</strong></span> <span class='ocrx_word' id='word_1_225' title='bbox 947 3027 1034 3093; x_wconf 89' lang='lat' dir='ltr'><strong>Galli</strong></span> <span class='ocrx_word' id='word_1_226' title='bbox 1060 3048 1134 3092; x_wconf 87' lang='lat' dir='ltr'><strong>sus·</strong></span> 
     </span>
     <span class='ocr_line' id='line_1_34' title="bbox 99 3113 1134 3201; baseline -0.003 -23"><span class='ocrx_word' id='word_1_227' title='bbox 99 3114 208 3178; x_wconf 88' lang='lat' dir='ltr'><strong>tinere</strong></span> <span class='ocrx_word' id='word_1_228' title='bbox 240 3135 306 3176; x_wconf 89' lang='lat' dir='ltr'><strong>nou</strong></span> <span class='ocrx_word' id='word_1_229' title='bbox 336 3124 516 3197; x_wconf 89' lang='lat' dir='ltr'><strong>potuerunt</strong></span> <span class='ocrx_word' id='word_1_230' title='bbox 538 3122 638 3196; x_wconf 88' lang='lat' dir='ltr'><strong>atque</strong></span> <span class='ocrx_word' id='word_1_231' title='bbox 659 3114 693 3176; x_wconf 91' lang='lat' dir='ltr'><strong>in</strong></span> <span class='ocrx_word' id='word_1_232' title='bbox 715 3113 825 3199; x_wconf 85' lang='lat' dir='ltr'><strong>fugam</strong></span> <span class='ocrx_word' id='word_1_233' title='bbox 849 3115 990 3201; x_wconf 88' lang='lat' dir='ltr'><strong>conjecti</strong></span> <span class='ocrx_word' id='word_1_234' title='bbox 1023 3113 1134 3178; x_wconf 87' lang='lat' dir='ltr'><strong>multis</strong></span> 
     </span>
     <span class='ocr_line' id='line_1_35' title="bbox 101 3198 1135 3283; baseline -0.002 -20"><span class='ocrx_word' id='word_1_235' title='bbox 101 3199 233 3263; x_wconf 82' lang='lat' dir='ltr'><strong>amissis</strong></span> <span class='ocrx_word' id='word_1_236' title='bbox 256 3220 332 3262; x_wconf 90' lang='lat' dir='ltr'><strong>sese</strong></span> <span class='ocrx_word' id='word_1_237' title='bbox 354 3198 398 3262; x_wconf 91' lang='lat' dir='ltr'><strong>ad</strong></span> <span class='ocrx_word' id='word_1_238' title='bbox 419 3219 536 3283; x_wconf 88' lang='lat' dir='ltr'><strong>agmen</strong></span> <span class='ocrx_word' id='word_1_239' title='bbox 559 3208 761 3283; x_wconf 86' lang='lat' dir='ltr'><strong>receperunt</strong></span> <span class='ocrx_word' id='word_1_240' title='bbox 805 3198 936 3279; x_wconf 79' lang='lat' dir='ltr'><strong>Quibus</strong></span> <span class='ocrx_word' id='word_1_241' title='bbox 951 3198 1135 3283; x_wconf 84' lang='lat' dir='ltr'><strong>profligatis</strong></span> 
     </span>
     <span class='ocr_line' id='line_1_36' title="bbox 102 3282 1137 3369; baseline -0.003 -20"><span class='ocrx_word' id='word_1_242' title='bbox 102 3306 221 3349; x_wconf 79' lang='lat' dir='ltr'><strong>trusus</strong></span> <span class='ocrx_word' id='word_1_243' title='bbox 243 3282 402 3369; x_wconf 86' lang='lat' dir='ltr'><strong>oppidani</strong></span> <span class='ocrx_word' id='word_1_244' title='bbox 424 3284 589 3367; x_wconf 89' lang='lat' dir='ltr'><strong>perterriti</strong></span> <span class='ocrx_word' id='word_1_245' title='bbox 611 3285 870 3368; x_wconf 89' lang='lat' dir='ltr'><strong>comprehensos</strong></span> <span class='ocrx_word' id='word_1_246' title='bbox 894 3306 963 3359; x_wconf 90' lang='lat' dir='ltr'><strong>eos,</strong></span> <span class='ocrx_word' id='word_1_247' title='bbox 996 3303 1137 3368; x_wconf 92' lang='lat' dir='ltr'><strong>quorum</strong></span> 
     </span>
     <span class='ocr_line' id='line_1_37' title="bbox 102 3367 1136 3454; baseline -0.004 -20"><span class='ocrx_word' id='word_1_248' title='bbox 102 3389 207 3454; x_wconf 88' lang='lat' dir='ltr'><strong>opera</strong></span> <span class='ocrx_word' id='word_1_249' title='bbox 228 3369 578 3453; x_wconf 85' lang='lat' dir='ltr'><strong>plebem-concitatam</strong></span> <span class='ocrx_word' id='word_1_250' title='bbox 610 3369 851 3443; x_wconf 82' lang='lat' dir='ltr'><strong>existimabant,</strong></span> <span class='ocrx_word' id='word_1_251' title='bbox 884 3369 929 3432; x_wconf 91' lang='lat' dir='ltr'><strong>ad</strong></span> <span class='ocrx_word' id='word_1_252' title='bbox 961 3367 1136 3432; x_wconf 87' lang='lat' dir='ltr'><strong>Caesarem</strong></span> 
     </span>
     <span class='ocr_line' id='line_1_38' title="bbox 103 3452 1136 3539; baseline -0.002 -22"><span class='ocrx_word' id='word_1_253' title='bbox 103 3452 333 3539; x_wconf 85' lang='lat' dir='ltr'><strong>perduxerunt</strong></span> <span class='ocrx_word' id='word_1_254' title='bbox 366 3474 507 3538; x_wconf 88' lang='lat' dir='ltr'><strong>seseque</strong></span> <span class='ocrx_word' id='word_1_255' title='bbox 540 3454 569 3517; x_wconf 92' lang='lat' dir='ltr'><strong>ei</strong></span> <span class='ocrx_word' id='word_1_256' title='bbox 605 3453 813 3518; x_wconf 89' lang='lat' dir='ltr'><strong>dediderunt.</strong></span> <span class='ocrx_word' id='word_1_257' title='bbox 869 3452 998 3532; x_wconf 82' lang='lat' dir='ltr'><strong>Quibus</strong></span> <span class='ocrx_word' id='word_1_258' title='bbox 1035 3453 1136 3515; x_wconf 90' lang='lat' dir='ltr'><strong>rebus</strong></span> 
     </span>
     <span class='ocr_line' id='line_1_39' title="bbox 103 3536 1138 3623; baseline -0.003 -20"><span class='ocrx_word' id='word_1_259' title='bbox 103 3538 266 3604; x_wconf 85' lang='lat' dir='ltr'><strong>confectis</strong></span> <span class='ocrx_word' id='word_1_260' title='bbox 299 3537 421 3603; x_wconf 88' lang='lat' dir='ltr'><strong>Caesar</strong></span> <span class='ocrx_word' id='word_1_261' title='bbox 453 3537 498 3603; x_wconf 91' lang='lat' dir='ltr'><strong>ad</strong></span> <span class='ocrx_word' id='word_1_262' title='bbox 530 3539 690 3622; x_wconf 91' lang='lat' dir='ltr'><strong>oppidum</strong></span> <span class='ocrx_word' id='word_1_263' title='bbox 724 3539 908 3613; x_wconf 87' lang='lat' dir='ltr'><strong>Avaricum,</strong></span> <span class='ocrx_word' id='word_1_264' title='bbox 941 3536 1034 3623; x_wconf 92' lang='lat' dir='ltr'><strong>quod</strong></span> <span class='ocrx_word' id='word_1_265' title='bbox 1067 3545 1138 3600; x_wconf 89' lang='lat' dir='ltr'><strong>erat</strong></span> 
     </span>
     <span class='ocr_line' id='line_1_40' title="bbox 104 3623 1138 3708; baseline -0.004 -20"><span class='ocrx_word' id='word_1_266' title='bbox 104 3625 281 3688; x_wconf 77' lang='lat' dir='ltr'><strong>maximum</strong></span> <span class='ocrx_word' id='word_1_267' title='bbox 303 3624 621 3707; x_wconf 88' lang='lat' dir='ltr'><strong>munitissimumque</strong></span> <span class='ocrx_word' id='word_1_268' title='bbox 643 3624 676 3689; x_wconf 89' lang='lat' dir='ltr'><strong>in</strong></span> <span class='ocrx_word' id='word_1_269' title='bbox 698 3623 818 3687; x_wconf 83' lang='lat' dir='ltr'><strong>linibus</strong></span> <span class='ocrx_word' id='word_1_270' title='bbox 840 3623 1023 3708; x_wconf 90' lang='lat' dir='ltr'><strong>Biturigum</strong></span> <span class='ocrx_word' id='word_1_271' title='bbox 1038 3628 1138 3704; x_wconf 85' lang='lat' dir='ltr'><strong>atque</strong></span> 
     </span>
     <span class='ocr_line' id='line_1_41' title="bbox 104 3705 1174 3794; baseline -0.002 -23"><span class='ocrx_word' id='word_1_272' title='bbox 104 3709 176 3794; x_wconf 86' lang='lat' dir='ltr'><strong>agri</strong></span> <span class='ocrx_word' id='word_1_273' title='bbox 197 3707 399 3771; x_wconf 86' lang='lat' dir='ltr'><strong>fertilissima</strong></span> <span class='ocrx_word' id='word_1_274' title='bbox 419 3709 563 3794; x_wconf 86' lang='lat' dir='ltr'><strong>regione,</strong></span> <span class='ocrx_word' id='word_1_275' title='bbox 586 3707 756 3793; x_wconf 86' lang='lat' dir='ltr'><strong>profectus</strong></span> <span class='ocrx_word' id='word_1_276' title='bbox 780 3717 842 3783; x_wconf 90' lang='lat' dir='ltr'><strong>est,</strong></span> <span class='ocrx_word' id='word_1_277' title='bbox 865 3707 958 3793; x_wconf 93' lang='lat' dir='ltr'><strong>quod</strong></span> <span class='ocrx_word' id='word_1_278' title='bbox 979 3728 1021 3770; x_wconf 91' lang='grc'><strong>00</strong></span> <span class='ocrx_word' id='word_1_279' title='bbox 1044 3705 1139 3790; x_wconf 89' lang='lat' dir='ltr'><strong>oppi·</strong></span> <span class='ocrx_word' id='word_1_280' title='bbox 1170 3740 1174 3745; x_wconf 95' lang='lat'>·</span> 
     </span>
     <span class='ocr_line' id='line_1_42' title="bbox 106 3789 1139 3880; baseline -0.003 -22"><span class='ocrx_word' id='word_1_281' title='bbox 106 3794 152 3858; x_wconf 93' lang='lat' dir='ltr'><strong>do</strong></span> <span class='ocrx_word' id='word_1_282' title='bbox 174 3801 311 3877; x_wconf 89' lang='lat' dir='ltr'><strong>recepto</strong></span> <span class='ocrx_word' id='word_1_283' title='bbox 334 3793 497 3857; x_wconf 87' lang='lat' dir='ltr'><strong>civitatem</strong></span> <span class='ocrx_word' id='word_1_284' title='bbox 518 3793 702 3880; x_wconf 88' lang='lat' dir='ltr'><strong>Biturigum</strong></span> <span class='ocrx_word' id='word_1_285' title='bbox 725 3814 762 3858; x_wconf 87' lang='lat' dir='ltr'><strong>se</strong></span> <span class='ocrx_word' id='word_1_286' title='bbox 787 3795 821 3859; x_wconf 92' lang='lat' dir='ltr'><strong>in</strong></span> <span class='ocrx_word' id='word_1_287' title='bbox 843 3800 1043 3880; x_wconf 87' lang='lat' dir='ltr'><strong>potestatem</strong></span> <span class='ocrx_word' id='word_1_288' title='bbox 1064 3789 1139 3856; x_wconf 87' lang='lat' dir='ltr'><strong>red·</strong></span> 
     </span>
     <span class='ocr_line' id='line_1_43' title="bbox 105 3877 477 3948; baseline -0.013 0"><span class='ocrx_word' id='word_1_289' title='bbox 105 3887 257 3948; x_wconf 79' lang='lat' dir='ltr'><strong>acturum</strong></span> <span class='ocrx_word' id='word_1_290' title='bbox 279 3877 477 3944; x_wconf 85' lang='lat' dir='ltr'><strong>confidebat.</strong></span> 
     </span>
    </p>
   </div>
   <div class='ocr_carea' id='block_1_3' title="bbox 0 0 1267 4312">
    <p class='ocr_par' dir='ltr' id='par_1_5' title="bbox 0 0 1267 4312">
     <span class='ocr_line' id='line_1_44' title="bbox 0 0 1267 4312; baseline 0 0"><span class='ocrx_word' id='word_1_291' title='bbox 0 0 1267 4312; x_wconf 95' lang='lat' dir='ltr'><strong> </strong></span> 
     </span>
    </p>
   </div>
  </div>
 </body>
</html>
