2468 4312
442 260 504 301 nm.
526 259 546 300 1.
592 257 661 302 cnr.
684 237 820 304 31-35.
1092 242 1131 306 17

97 407 146 459 tas
168 394 303 475 daretur,
327 391 479 479 Seqaaais
499 414 577 472 aero,
601 395 655 479 qai
676 395 760 456 intra
773 393 1132 482 finessaosAriooistarn

97 482 287 564 recepissent,
311 478 474 564 ¹²qaorarn
491 478 609 562 oppida
620 480 725 541 amaia
747 480 781 541 ia
797 489 944 563 potestate
958 483 1020 562 epia
1032 494 1131 562 essent,

98 587 204 628 annes
224 566 378 628 craciatas
400 575 495 626 essent
508 562 695 649 perferendi.

142 650 194 714 33.
238 649 301 712 His
324 651 423 713 rebus
447 650 586 733 cognitis
600 647 722 712 Caesar
735 647 905 713 Gallorum
917 651 1043 714 animos
1060 675 1133 714 ver-

44 738 48 744 '
98 735 151 799 bis
176 734 382 798 confirmavit
402 733 638 817 pollicitusque
662 743 728 809 est,
758 735 821 799 sibi
851 757 921 798 cam
942 758 1012 798 rem
1036 758 1133 800 curae

97 820 259 885 futruam:
288 839 438 904 magnam
466 840 503 882 se
518 819 652 887 ,habere
682 841 774 903 spem
813 826 846 882 et
867 821 1046 885 lbeneficio
1071 845 1132 885 suo

99 914 133 969 et
156 906 352 968 auctoritate
375 905 555 968 adductum
577 906 781 968 Ariovistum
808 905 905 968 finem
926 907 1053 990 injuriis
1085 907 1132 971 fa-

98 1000 239 1054 cturum.
288 990 362 1053 Hac
391 991 539 1053 oratione
566 990 680 1053 habita
712 991 886 1054 concilium
915 992 1044 1055 dimisit.
1088 993 1133 1056 Et

98 1075 305 1139 ³secundum
335 1096 374 1138 ea
400 1075 522 1137 multae
549 1096 604 1138 res
639 1096 713 1138 eum
745 1077 977 1152 hortabantur,
1010 1079 1133 1161 ⁴quare

99 1163 164 1226 sibi
187 1183 259 1224 eam
280 1181 352 1223 rem
372 1161 578 1244 cogitandam
603 1168 636 1222 et
658 1162 901 1245 suscipiendam
916 1171 1063 1246 putarem
1086 1165 1133 1227 in-

97 1247 215 1331 primis
238 1245 332 1329 quod
353 1245 523 1319 Haeduos,
547 1245 686 1308 ⁵fratres
710 1249 1040 1332 consanguineosque
1063 1270 1133 1311 sae-

97 1353 281 1415 penumero
305 1353 324 1392 a
346 1340 464 1393 senatu
486 1332 688 1415 appellatOS‚
717 1333 751 1394 in
774 1335 932 1395 servitute
955 1342 1054 1416 atque
1081 1333 1134 1409 ⁶in

102 1417 228 1481 ditione
251 1416 388 1480 videbat
411 1415 648 1478 Germanorum
669 1418 781 1491 teneri,
805 1439 984 1500 eorumque
997 1419 1132 1482 obsides

99 1523 176 1566 esse
199 1502 291 1586 apud
312 1502 516 1564 Ariovistum
539 1523 577 1564 ac
600 1502 773 1584 Sequanos
799 1503 1016 1588 intelligebat3
1041 1503 1133 1586 quod

98 1587 154 1651 7in
179 1596 272 1651 tanto
295 1587 431 1670 imperio
454 1587 571 1671 populi
592 1587 730 1650 Romani
759 1589 985 1671 turpissimum
1013 1590 1076 1653 sibi
1100 1597 1133 1651 et

99 1672 310 1757 reipublicae
323 1694 398 1735 esse
420 1673 647 1736 arbitrabatur.
692 1673 854 1735 Paulatim
878 1682 986 1735 autem
1000 1673 1133 1736 Germa·

99 1779 163 1822 nos
187 1779 407 1821 consuescere
435 1757 586 1820 Rhenum
614 1760 755 1820 transire
784 1766 816 1821 et
843 1759 876 1820 in
906 1757 1044 1821 Galbam
1067 1781 1133 1821 ma-

98 1864 197 1928 gnam
209 1865 323 1907 eorum
334 1843 574 1906 multitudinem
595 1844 714 1917 venire,
737 1844 863 1927 populo
887 1843 1036 1906 Romano
1048 1845 1133 1928 peri-

100 1929 253 1993 culosum
274 1930 425 1992 videbat:
453 1949 561 2010 neque
585 1930 647 1992 sibi
669 1929 818 1992 homines
840 1929 930 1992 feros
954 1952 993 1993 ac
1015 1931 1134 1993 barba·

99 2035 157 2076 ros
180 2022 423 2098 temperaturos
448 2014 663 2088 existimabat,
688 2015 774 2098 quin,
798 2035 899 2096 quum
911 2037 1037 2077 omnem
1057 2014 1133 2077 Gal·

99 2100 177 2163 liam
204 2099 487 2183 loccupavissent
510 2107 645 2162 utente
670 2099 790 2163 Cimbri
812 2099 1021 2182 Teutonique
1037 2099 1133 2162 fecis-

99 2192 185 2257 sent,
208 2184 242 2246 in
264 2185 467 2269 provinciam
490 2186 617 2247 exirent
640 2192 739 2268 atque
760 2184 838 2246 inde
859 2185 894 2246 in
916 2186 1132 2248 Italiamcon-

98 2269 283 2345 tenderent,
306 2271 498 2353 praesertim
522 2290 621 2353 quum
645 2271 818 2353 Sequanos
841 2290 861 2331 a
882 2271 1053 2352 provincia
1073 2292 1133 2333 no-

99 2363 171 2419 stra
193 2354 397 2418 ⁹erodanus
422 2354 591 2418 divideret.
653 2355 780 2434 Quibus
809 2354 909 2419 rebus
940 2376 1037 2436 quam
1066 2377 1132 2417 ma-

99 2441 235 2503 turrime
259 2439 497 2503 occurrendum
520 2443 666 2524 putabat.
711 2441 788 2524 lpse
811 2448 920 2502 autem
942 2441 1131 2504 Ariovistus

99 2534 213 2588 tantos
238 2527 300 2589 sibi
323 2526 468 2610 spiritus,
490 2534 612 2588 tantam
637 2526 855 2611 arrogantiam
878 2535 1072 2611 sumpserat,
1095 2533 1132 2588 ut

99 2609 258 2675 ferendus
280 2632 348 2674 non
370 2610 546 2674 videretur.

143 2696 194 2760 34.
240 2694 461 2773 Quamobrem
484 2696 627 2780 ¹placuit
650 2696 686 2770 ei,
709 2704 746 2759 ut
769 2695 812 2758 ad
827 2695 1029 2759 Ariovistum
1044 2695 1132 2780 lega.-

100 2788 155 2844 tos
178 2781 331 2856 mitteret,
355 2781 411 2863 qui
433 2783 475 2844 ab
499 2803 537 2844 eo
560 2782 776 2865 postularent,
799 2783 846 2844 uti
869 2781 1010 2864 aliquem
1023 2781 1132 2843 locum

100 2865 244 2930 medium
266 2866 458 2949 ‘²utriusque
481 2867 648 2949 colloquio
671 2867 863 2950 ³deligerct:
886 2867 971 2929 velle
995 2888 1069 2928 sese
1090 2866 1132 2927 ‹le

100 2973 136 3015 re
158 2952 294 3036 publica
317 2960 350 3014 et
371 2951 526 3013 lsummis
548 2953 721 3034 utriusque
743 2953 843 3015 rebus
868 2973 941 3014 cum
965 2973 1004 3013 eo
1026 2972 1131 3035 agere.

101 3035 141 3100 Ei
164 3037 321 3121 legationi
343 3035 530 3102 Ariovistus
553 3038 742 3120 respondit:
767 3037 804 3100 st
818 3037 893 3123 qaid
913 3039 975 3121 apsi
997 3036 1038 3099 ⁵a
1058 3037 1132 3098 Cae·

99 3144 172 3184 aare
193 3144 270 3205 opas
292 3131 370 3201 esset,
393 3144 455 3183 sese
477 3122 519 3184 ad
540 3145 608 3184 earn
629 3134 787 3185 aratrorum
799 3125 916 3209 faisse:
937 3125 965 3185 sr'
987 3121 1062 3207 qaid
1082 3120 1133 3183 ille

99 3229 131 3277 se
153 3204 256 3287 taeta,
286 3207 373 3269 illam
401 3206 445 3269 ad
478 3230 509 3268 se
529 3209 632 3269 oeaire
653 3220 797 3292 oportere.
841 3208 1007 3269 Praeterea
1029 3231 1060 3268 se
1081 3229 1132 3267 ae·

100 3314 158 3378 que
179 3293 245 3354 siae
277 3293 410 3355 exercita
442 3293 476 3354 ia
497 3316 549 3355 eas
576 3303 684 3380 partes
718 3293 843 3356 Galliae
870 3294 973 3355 ventre
1005 3291 1132 3369 audere,

44 3444 47 3449 ,
100 3401 178 3464 pras
202 3377 317 3440 Caesar
333 3377 508 3460 possideret,
531 3401 626 3463 aeque
648 3380 885 3442 erereitamsiae
898 3398 1010 3459 maeno
1033 3376 1132 3441 'eorn-

99 3473 202 3526 meata
224 3473 319 3548 atquev
336 3463 522 3527 emolimento
543 3465 577 3524 ia
602 3488 698 3546 ernam
720 3465 818 3527 Ioarrn
840 3460 1017 3524 contrahere
1026 3482 1134 3544 posse5

99 3549 160 3612 siti
182 3559 284 3611 autera
304 3549 418 3610 cairam
440 3547 544 3627 raderi,
568 3549 644 3633 qaid
664 3552 697 3612 r'a
718 3573 776 3613 saa
800 3547 917 3625 Gallia,
940 3568 1033 3631 qaam
1056 3546 1133 3608 bello

99 3635 223 3714 vicisset,
248 3643 303 3696 aat
326 3634 453 3696 Caesari
476 3644 530 3696 aat
557 3637 681 3697 omnino
703 3634 821 3718 popiola
849 3633 993 3696 Roraaao
1021 3632 1133 3714 negotii

101 3728 180 3782 esset.

144 3802 195 3867 35.
239 3802 303 3866 His
324 3802 497 3888 responsis
527 3802 570 3866 ad
599 3801 772 3865 Caesarem
798 3802 911 3866 relatis
940 3801 1057 3865 iterum
1089 3800 1133 3864 ad

102 3909 176 3951 eum
199 3886 322 3952 Caesar
344 3889 472 3974 legatos
486 3909 559 3951 oum
570 3888 622 3951 his
640 3887 801 3950 mandatis
823 3889 936 3950 mittit:
959 3887 1134 3966 ¹anaiam

969 3987 986 4023 s
