2468 4312
421 252 482 296 nra.
504 253 548 297 vr.
593 253 662 298 oar.
685 231 822 300 35-38.
1071 233 1132 302 113

99 404 215 450 casum
237 395 445 470 exspectans.
474 386 562 470 'qno
595 408 714 450 novem
748 387 912 472 oppositis
946 386 1131 474 legionibus

98 469 310 554 maximoque
333 471 490 553 equitatu,
513 471 674 556 dispersis
697 493 737 536 ac
782 493 864 536 aene
886 472 1004 545 deletis
1028 475 1132 540 hosti·

98 556 174 630 bus,
195 557 229 618 iu
251 556 382 619 milibus
406 577 563 640 passuum
597 558 703 620 tribus
737 495 858 621 edendi
886 568 1012 642 posset,
1039 560 1133 643 quin·

99 660 166 723 que
187 640 344 704 cohortes
368 639 599 705 frumentatum
621 642 653 704 in
676 643 845 726 proximas
869 654 998 727 segetes
1026 645 1132 717 mittit,

99 745 186 875 qqas
222 725 307 788 inter
340 737 374 789 et
406 735 515 790 castra
546 748 633 790 unns
667 728 799 790 omnino
835 728 930 791 collis
967 729 1131 793 intererat.

150 810 297 895 mplures
320 819 414 874 erant
433 811 467 874 in
490 811 608 874 castris
632 832 675 874 ex
696 811 881 896 legionibus
904 814 994 898 aegri
1018 814 1132 887 relicti,

99 895 287 982 exquibus
311 896 366 979 qui
389 895 455 958 hoc
477 897 585 980 spatio
610 894 736 959 dierum
758 897 993 961 convaluerant
1004 900 1134 962 circiter

98 980 239 1044 trecenti
261 980 326 1042 sub
349 980 471 1044 vexillo
494 1002 560 1043 una
593 982 779 1053 mittuntur:
812 1003 930 1067 magna
962 993 1134 1067 praeterea

99 1063 278 1129 multitudo
301 1065 462 1140 calonum,
486 1086 605 1150 magna
636 1066 687 1129 vis
715 1067 948 1150 jumentorum,
982 1089 1067 1153 quae
1099 1068 1132 1131 in

100 1151 220 1214 castris
244 1148 451 1230 subsederat,
475 1148 563 1214 facta
584 1158 752 1234 potestate
775 1173 812 1215 se
836 1153 932 1215 uitur.

94 1266 98 1271 ·
143 1235 195 1298 37.
239 1233 336 1298 ¹Hoc
356 1235 432 1318 ipso
459 1243 610 1320 tempore
638 1245 671 1299 et
702 1257 784 1299 casu
813 1173 969 1300 hermani
1003 1237 1132 1320 equites

99 1319 322 1384 interveniunt
354 1320 572 1404 protinusque
606 1319 724 1384 eodem
756 1321 831 1396 illo,
865 1342 932 1403 quo
968 1329 1133 1396 venerant,

100 1425 202 1468 cursu
225 1405 267 1468 ab
291 1403 472 1468 decumana
492 1415 590 1489 porta
610 1406 643 1468 in
667 1414 778 1469 eastra
798 1407 979 1490 irrumpere
1012 1428 1133 1470 conan-

100 1500 164 1564 tur,
186 1509 248 1553 uec
269 1490 362 1574 prius
396 1499 475 1553 sunt
506 1491 569 1552 visi
602 1490 743 1576 objectis
776 1490 818 1553 ab
852 1512 891 1553 ea
912 1499 1007 1576 parte
1030 1491 1133 1565 silvis,

101 1595 200 1658 quam
222 1574 340 1637 castris
363 1575 675 1659 appropinquarent,
698 1575 825 1659 ²usque
848 1597 898 1650 eo,
922 1583 967 1647 nt,
990 1576 1047 1659 qui
1069 1576 1132 1639 sub

99 1660 191 1723 vallo
214 1658 388 1723 tenderent
409 1672 618 1726 mercatores.
652 1659 831 1744 recipiendi
864 1661 916 1723 sui
944 1660 1134 1724 facultatem
1170 1680 1173 1687 ·

100 1766 169 1808 non
191 1743 359 1807 haberent.
404 1744 615 1827 Inopinantes
643 1745 750 1808 nostri
771 1767 808 1808 re
830 1766 918 1808 nova
939 1746 1134 1829 perturban-

99 1839 155 1893 tur
178 1849 217 1892 ac
238 1829 296 1891 vix
318 1829 456 1912 primum
478 1831 634 1913 impetum
656 1829 779 1892 cohors
801 1831 835 1892 in
858 1830 1000 1894 statione
1034 1828 1133 1892 susti·

100 1929 167 1978 net
211 1912 545 1977 ³Circumfunduntur
578 1935 620 1976 ex
653 1914 789 1998 reliquis
822 1913 939 1978 hostes
973 1915 1133 1999 partibus,

101 2000 252 2082 siquem
274 1998 399 2061 aditum
432 1999 577 2082 reperire
605 2007 753 2081 possent.
796 1998 905 2083 Aegre
928 2000 1034 2063 nostri
1057 2020 1134 2082 por·

100 2092 154 2148 tas
177 2091 325 2147 tuentur:
347 2083 516 2166 ⁴reliquos
539 2082 649 2146 aditus
672 2083 768 2146 locus
794 2084 867 2167 ipse
890 2105 949 2168 per
971 2105 1009 2146 se
1030 2083 1135 2147 muni·

101 2169 215 2252 tioque
239 2167 395 2231 defendit
439 2167 536 2232 Totis
560 2167 744 2251 trepidatur
773 2169 892 2232 castris
925 2176 1025 2252 atque
1048 2169 1133 2232 alins

101 2276 144 2318 ex
166 2253 233 2316 alio
255 2273 389 2316 causam
410 2253 571 2316 tumultus
602 2254 743 2336 quaerit3
778 2251 905 2336 ⁵neque
939 2274 1006 2337 quo
1041 2253 1134 2337 signa

101 2338 249 2404 ferantur
281 2359 389 2421 neque
423 2358 521 2420 quam
554 2338 585 2400 in
619 2347 746 2421 partem
779 2337 922 2422 quisque
951 2338 1133 2408 conveniat,

102 2421 292 2509 provident
336 2422 432 2485 Alius
455 2432 564 2486 castra
581 2422 651 2506 jam
683 2431 782 2507 capta
813 2422 1018 2520 pronunciat.
1047 2421 1133 2484 alins

100 2508 215 2572 deleto
249 2508 393 2570 exercitu
428 2515 528 2589 atque
560 2506 758 2590 imperatore
794 2515 939 2570 victores
971 2506 1134 2571 barbaros

102 2593 236 2656 venisse
258 2590 436 2665 contendit
459 2590 628 2675 “plerique
651 2592 832 2656 novassibi
847 2613 890 2655 ex
904 2590 981 2654 loco
1003 2590 1135 2689 religio·

101 2677 314 2762 restingunt
337 2675 519 2759 Cottaeque
553 2687 587 2739 et
619 2675 739 2740 Titurii
760 2676 987 2752 calamitatem,
1021 2675 1135 2760 quiin

102 2761 221 2826 eodem
244 2761 425 2825 occiderint
450 2760 599 2834 castello,
626 2770 702 2825 ante
729 2761 848 2824 ocules
876 2769 1014 2845 ponunt.
1058 2758 1135 2823 Tali

101 2847 220 2911 timore
243 2847 395 2909 omnibns
419 2846 601 2929 perterritis
635 2845 846 2910 confirmatur
883 2846 995 2929 opinio
1017 2844 1135 2909 barba·

101 2932 159 3002 ris,
180 2941 219 2994 ut
241 2953 284 2994 ex
305 2931 438 3014 captivo
459 2930 640 3004 audierant,
672 2930 799 2995 nullum
831 2951 907 2994 esse
928 2931 1016 2993 intus
1040 2948 1136 3012 prac-

93 3015 232 3080 sssidium.
276 3015 494 3098 Perrumpere
515 3017 662 3079 nituntur
695 3037 712 3079 s
758 3036 799 3081 ue
820 3015 885 3101 ipsi
907 3014 1135 3090 adhortantur,

101 3122 145 3165 ne
167 3109 290 3164 tantam
312 3100 478 3163 fortunam
500 3121 542 3165 ex
564 3100 714 3163 manibus
760 3099 908 3166 imittant.

145 3185 197 3251 38.
241 3183 324 3248 Erat
344 3205 443 3270 aeger
465 3186 499 3249 in
520 3184 687 3270 praesidio
708 3184 843 3249 relictus
866 3183 903 3249 Ρ,
921 3182 1055 3248 Sextius
1070 3179 1135 3245 Ba·

103 3269 210 3346 cutus,
243 3269 321 3354 ¹qni
342 3270 483 3354 primum
515 3269 618 3354 pilum
649 3269 741 3354 apud
774 3269 947 3335 Caesarem
984 3267 1136 3341 duxerat,

103 3353 200 3438 cujus
222 3355 420 3419 mentionem
431 3354 657 3440 superioribus
669 3355 803 3439 proeliis
825 3354 971 3426 fecimus,
994 3373 1034 3415 ac
1049 3350 1136 3415 diem

98 3439 170 3524 jam
193 3441 342 3522 quintum
365 3440 439 3503 cibo
463 3448 622 3506 caruerat
676 3439 741 3505 Hic
775 3437 904 3504 diffisus
931 3457 1012 3499 suae
1035 3444 1135 3583 atqe

104 3524 247 3588 omnium
271 3524 371 3588 saluti
403 3525 535 3587 inermis
569 3546 611 3588 ex
643 3523 856 3588 tabernaculo
889 3520 1011 3604 prodit,
1045 3521 1077 3582 vi
1103 3527 1137 3583 et

102 3609 271 3673 imminere
291 3608 409 3673 hostes
432 3619 532 3691 atque
552 3609 586 3673 in
609 3629 736 3672 summo
760 3627 835 3670 esse
855 3627 925 3672 rem
940 3603 1136 3678 discrimine,

104 3694 194 3778 capit
215 3715 305 3757 arma
327 3714 347 3756 a
369 3694 528 3778 proximis
550 3704 650 3776 atque
671 3693 706 3755 in
727 3700 824 3776 porta
846 3690 1010 3754 consistit·
1036 3687 1136 3754 ²Con·

105 3787 291 3863 sequuntur
312 3776 401 3841 hunc
423 3778 632 3858 centuriones
656 3776 727 3860 ejus
743 3775 901 3850 cohortis,
924 3775 1055 3858 quaein
1070 3783 1136 3836 sta·

104 3864 196 3927 tione
219 3872 304 3938 erat3
326 3863 497 3947 paulisper
518 3884 584 3925 una
605 3859 766 3946 proelium
789 3860 961 3925 sustinent
1007 3857 1137 3923 ³Relin-
