2468 4312
386 206 390 211 '
415 249 476 291 m.
498 249 543 291 v1.
588 248 657 291 cn.
681 226 817 294 25-30.
1055 224 1117 292 109

81 399 233 466 magnam
254 379 366 444 ferunt
387 379 528 444 laudern
572 379 662 444 ³sed
684 400 877 447 assuescere
900 379 944 444 ad
965 379 1117 447 homines

80 476 116 530 et
137 466 344 531 mansuefieri
367 486 409 529 ne
430 465 560 550 parvuli
573 464 705 548 quidem
718 467 847 550 excepti
860 475 1011 550 possunt.
1039 468 1118 532 Am·

80 550 214 637 plitudo
237 572 396 615 cornuum
419 559 453 615 et
474 551 580 636 figura
602 558 636 614 et
657 551 786 635 species
804 551 942 614 multum
955 561 1118 617 anostro·

81 658 154 700 rum
177 637 277 700 boum
301 638 457 700 cornibus
481 635 597 700 differt.
620 636 733 699 *Haec
755 636 907 707 studiose
930 639 1120 723 conquisita

82 723 124 786 ab
149 722 251 786 labris
273 731 412 808 argento
434 720 697 786 circumcludunt
720 730 820 806 atque
842 723 876 785 in
904 723 1116 808 amplissimis

82 808 192 893 epulis
215 829 277 891 pro
300 808 432 892 poculis
454 816 600 871 utuntur.

125 893 177 957 29.
222 892 373 969 lCaesar,
396 902 573 977 postquam
595 913 657 976 per
667 890 772 956 Ubios
786 891 1016 976 exploratores
1029 914 1118 958 com·

80 978 168 1063 perit
190 977 321 1042 Suevos
345 999 420 1041 sese
441 979 476 1042 in
498 978 601 1041 silvas
622 978 797 1062 recepisse,
809 979 953 1062 inopiam
964 977 1117 1044 frumenti

81 1065 216 1140 veritus,
240 1063 340 1147 quod,
364 1072 402 1127 ut
428 1068 531 1148 supra
558 1063 865 1136 demonstravimus,
899 1063 1047 1128 ²mmime
1083 1086 1119 1130 o·

81 1169 175 1212 mnes
200 1147 354 1212 Germani
375 1149 595 1234 agriculturae
618 1149 762 1223 student,
774 1149 946 1212 constituit
956 1171 1023 1212 non
1040 1172 1118 1234 pro·

81 1233 176 1319 gredi
198 1234 346 1320 longius3
370 1234 440 1309 sed,
462 1255 504 1297 ue
527 1235 658 1297 omnino
681 1243 802 1298 metum
825 1233 951 1297 reditus
975 1235 1026 1298 sui
1043 1238 1118 1299 bar·

82 1320 172 1383 baris
195 1320 328 1383 tolleret
350 1329 450 1402 atque
471 1328 509 1383 ut
531 1340 646 1383 eorum
667 1320 790 1383 auxilia
810 1320 966 1394 tardaret,
978 1319 1117 1385 reducto

83 1405 229 1469 exercitu
252 1415 380 1489 partem
401 1405 547 1468 ultimam
570 1406 691 1489 pontis,
715 1426 800 1488 quae
833 1406 923 1490 ripas
956 1405 1118 1470 Ubiorum

82 1491 304 1576 contingebat,
327 1491 360 1553 in
390 1489 626 1575 longitudinem
662 1491 786 1574 pedum
819 1489 1035 1554 ducentorum
1067 1513 1118 1556 re·

82 1574 207 1639 scindit
229 1583 329 1658 atque
362 1576 417 1639 ³in
441 1584 587 1638 extremo
622 1586 724 1659 ponte
746 1576 861 1639 turrim
894 1576 1117 1640 tabulatorum

82 1669 241 1745 quattuor
263 1662 434 1724 constituit
455 1660 722 1745 praesidiumque
745 1661 929 1724 cohortium
942 1659 1119 1726 duodecim

81 1747 195 1831 pontis
218 1746 333 1809 tuendi
355 1768 457 1809 causa
503 1747 573 1808 onit
594 1748 787 1831 magnisque
811 1767 884 1809 eum
908 1746 1015 1809 locum
1049 1751 1118 1811 mu*

82 1831 263 1895 nitionibus
287 1832 401 1894 firmat
445 1833 460 1874 ⁴
495 1832 603 1895 iloco
627 1831 859 1915 praesidioque
894 1831 1013 1915 Gajum
1035 1831 1117 1896 Vol·

82 1917 203 1980 catium
227 1916 362 1980 Tullum
384 1916 628 1979 adolescentem
651 1916 816 2000 praefecit.
840 1916 917 2001 lpse
940 1938 1039 2001 quum
1051 1938 1117 1980 ma-

82 2009 251 2065 turescere
283 2001 445 2064 frumenta
467 2003 656 2086 inciperent,
678 2001 721 2065 ad
759 2002 882 2066 bellum
915 2003 1117 2088 Ambiorigis

83 2086 255 2172 profectus
270 2108 331 2170 per
348 2087 561 2150 Arduennam
572 2087 702 2160 silvam,
714 2108 798 2171 quae
811 2096 862 2150 est
874 2087 976 2151 totius
991 2087 1118 2152 Galliae

82 2173 224 2236 maxima
246 2183 346 2256 atque
369 2173 410 2237 ab
444 2173 523 2256 ripis
560 2171 666 2239 Rheni
699 2172 885 2256 finibusque
904 2171 1118 2237 Trevirorum

83 2257 129 2321 ad
150 2258 293 2322 Nervios
318 2258 459 2341 pertinet
479 2257 677 2340 milibusque
700 2258 839 2341 amplius
863 2258 1049 2342 quingentis
1084 2259 1118 2322 in

83 2341 323 2428 longitudinem
346 2349 446 2427 patet,
469 2343 505 2405 L.
535 2343 712 2407 Minucium
742 2343 889 2406 Basilum
923 2364 996 2405 curn
1030 2344 1119 2407 omni

84 2429 233 2512 equitatu
257 2429 443 2512 praemittit,
472 2427 523 2491 lsi
546 2427 626 2511 quid
660 2429 826 2492 celeritate
859 2428 983 2491 itineris
1018 2436 1117 2512 atque

83 2515 333 2597 opportunitate
357 2514 514 2597 temporis
526 2513 688 2598 proficere
700 2521 831 2596 posset3
842 2521 963 2588 monet,
975 2521 1013 2575 ut
1023 2514 1116 2598 ignes

81 2599 257 2675 incastris
281 2600 350 2661 fieri
373 2599 619 2683 prohibeatur
642 2618 708 2682 qua
730 2598 801 2682 ejus
825 2598 987 2661 adventus
1000 2598 1118 2684 procul

83 2683 280 2769 significatio
302 2684 374 2746 fiat:
398 2705 473 2748 sese
496 2682 668 2746 confestim
692 2683 852 2766 subsequi
875 2683 961 2747 dicit.

127 2769 179 2833 30.
223 2769 364 2843 Basilus,
388 2777 425 2831 ut
446 2769 639 2852 imperatum
663 2776 723 2843 est,
746 2768 837 2845 facit3
867 2768 1017 2833 celeriter
1040 2790 1118 2834 eon·

83 2863 201 2939 traque
225 2855 367 2917 omniurn
391 2854 577 2938 opinionem
600 2853 752 2917 confecto
775 2854 890 2917 itinere
924 2854 1046 2917 multos
1083 2855 1118 2919 in

84 2940 173 3024 agris
195 2939 403 3022 inopinantes
429 2938 661 3022 deprehendit3
685 2960 798 3002 eorum
819 2939 941 3002 indicio
954 2939 1117 3023 adipsum

85 3024 306 3110 Ambiorigem
329 3024 506 3097 contendit
530 3042 597 3105 quo
619 3024 653 3086 iu
674 3025 750 3087 loco
773 3044 847 3088 eum
869 3026 983 3109 paucis
1002 3025 1118 3109 equiti·

83 3111 149 3174 bus
172 3130 248 3173 esse
271 3109 450 3172 dicebatur.
485 3108 645 3173 ¹Multum
668 3131 767 3194 quum
789 3110 823 3172 in
847 3112 998 3174 omnibus
1015 3112 1116 3175 rebus

83 3205 153 3259 tum
175 3196 209 3257 in
230 3216 267 3258 re
289 3194 419 3257 militari
442 3202 555 3278 potest
576 3193 716 3258 fortuna.
760 3195 845 3260 Nam
879 3197 965 3259 sicut
996 3217 1116 3281 magno

84 3279 204 3344 accidit
226 3301 315 3352 casu,
338 3280 429 3342 utin
451 3280 560 3363 ipsum
582 3280 747 3344 incautum
770 3281 867 3344 etiam
889 3287 988 3364 atque
1016 3281 1117 3364 impa-

84 3375 191 3429 ratum
211 3364 381 3438 incideret,
404 3365 563 3448 priusque
587 3366 658 3450 ejus
691 3364 854 3429 adventus
888 3366 930 3429 ab
964 3367 1116 3429 omnibus

83 3451 251 3514 videretur
274 3470 372 3535 quam
395 3449 479 3512 fama
502 3470 541 3512 ac
562 3451 701 3514 nuncius
725 3450 902 3525 afferretur,
921 3450 1117 3535 sicmagnae

83 3533 147 3599 fuit
168 3534 328 3610 fortunae,
352 3536 440 3597 omni
461 3535 591 3598 militari
613 3537 841 3609 instrumento,
871 3533 962 3617 quod
995 3536 1117 3599 circum

84 3640 123 3684 se
145 3617 296 3691 habebat
320 3629 443 3703 erepto,
466 3619 555 3683 redis
568 3621 728 3705 equisque
740 3619 996 3703 comprehensis,
1007 3620 1117 3705 ipsum

85 3704 228 3790 effugere
249 3713 397 3768 mortem.
442 3704 531 3770 ²Sed
552 3704 618 3768 hoc
641 3724 774 3789 quoque
796 3703 917 3767 factum
941 3713 1000 3780 est,
1025 3705 1118 3790 quod

83 3789 235 3854 aedificio
257 3789 461 3854 circumdato
484 3791 576 3866 silva,
598 3798 636 3853 ut
658 3788 815 3853 suntfere
828 3788 991 3852 domicilia
1004 3789 1117 3856 Gallo·

83 3896 166 3951 rum,
189 3875 245 3960 qui
266 3875 393 3940 vitandi
415 3884 527 3939 aestus
550 3894 651 3940 causa
672 3874 866 3962 plerumque
888 3873 1045 3940 silvarum
1077 3898 1117 3942 ae
