2468 4312
130 213 172 279 68
479 233 522 276 nn
544 232 647 275 anuto
669 232 806 277 caturco

130 367 182 432 sui
205 389 279 431 cum
301 366 448 452 periculo
481 364 715 452 dejicerentun
747 367 854 450 ⁴quae
886 374 995 431 tamen
1023 367 1155 432 ancoris

126 453 226 540 jactis
251 475 351 538 quum
372 451 526 516 fluctibus
545 451 794 536 complerentur,
816 453 1002 516 necessario
1015 452 1156 517 adversa

129 548 229 604 nocte
251 541 283 603 in
306 540 409 603 altum
430 546 608 623 provectae
631 538 848 602 continentem
870 540 1043 623 petierunt.

174 625 225 689 29.
270 625 397 688 Eadem
418 631 525 687 nocte
538 622 665 697 accidit,
689 623 748 687 lut
770 632 860 687 esset
881 625 959 687 luna
980 625 1157 709 plena,qui

131 711 203 775 dies
226 712 406 774 maritimos
429 719 541 773 aestus
564 709 723 772 maximos
734 709 768 772 in
780 708 913 773 Oceano
938 709 1156 791 efficerecon-

131 797 247 871 suevit,
269 797 460 879 nostrisque
492 795 527 859 id
560 802 630 858 erat
656 795 865 880 incognitum.
908 795 959 859 Ita
983 818 1050 860 uno
1072 806 1156 859 tem-

131 904 213 968 pore
235 889 268 945 et
288 882 406 967 longas
429 902 540 953 naves,
563 881 682 964 quibus
705 879 826 944 Caesar
852 882 1029 945 exercitum
1047 890 1156 945 trans·

132 965 333 1055 portandum
362 974 534 1030 curaverat
566 987 714 1050 quasque
736 966 770 1030 in
791 966 919 1031 aridum
941 967 1155 1043 subduxerat,

133 1065 245 1118 aestus
280 1054 511 1138 compleverat,
544 1060 577 1116 et
610 1052 790 1126 onerarias,
824 1074 908 1137 quae
941 1052 983 1116 ad
1017 1074 1155 1117 ancoras

132 1146 226 1204 erant
249 1138 419 1224 deligatae,
440 1146 621 1223 tempestas
644 1136 830 1213 afflictabat,
858 1160 965 1223 neque
998 1139 1066 1203 ulla
1097 1161 1156 1202 no·

133 1225 211 1289 stris
244 1223 384 1288 facultas
419 1231 476 1288 aut
508 1222 756 1287 administrandi
778 1232 835 1290 aut
856 1223 1033 1288 auxiliandi
1056 1223 1157 1288 daba-

132 1319 194 1375 tur.
241 1309 472 1396 Compluribus
495 1311 633 1374 navibus
658 1308 772 1372 fractis
801 1310 946 1394 reliquae
975 1331 1075 1394 quum
1105 1332 1156 1374 es·

134 1406 209 1460 sent
229 1395 372 1470 funibus
395 1396 525 1459 ancoris
552 1396 754 1479 reliquisque
787 1396 992 1459 armamentis
1026 1396 1156 1459 amissis

134 1482 178 1547 ad
199 1481 418 1568 navigandum
440 1481 580 1555 inutiles
602 1502 727 1566 magna,
750 1480 806 1544 ²id
828 1481 920 1564 quod
935 1503 1070 1545 necesse
1086 1491 1157 1545 erat

134 1569 292 1643 accidere,
314 1568 417 1632 totius
441 1567 604 1630 exercilus
625 1567 830 1650 perturbatio
858 1567 945 1630 facta
968 1574 1026 1630 est.
1071 1567 1156 1632 8Νε-

135 1676 199 1740 que
222 1655 306 1718 enim
328 1674 429 1717 naves
454 1661 546 1717 erant
567 1652 658 1727 aliae,
681 1652 801 1735 quibus
822 1653 983 1737 reportari
1009 1662 1156 1737 possent,

134 1748 168 1805 et
189 1741 297 1803 omnia
320 1739 463 1814 deerant,
486 1760 571 1822 quae
594 1737 638 1800 ad
647 1737 840 1801 reficiendas
851 1760 953 1801 naves
966 1748 1058 1802 erant
1071 1739 1156 1815 usui,

135 1834 168 1890 et
191 1825 282 1908 quod
305 1826 455 1889 omnibus
480 1825 654 1889 constabat
675 1823 810 1888 hiemari
831 1824 864 1886 in
888 1823 994 1888 Gallia
1024 1833 1156 1908 oporte·

134 1933 179 1984 re,
201 1910 397 1974 frumentum
429 1910 481 1973 his
509 1911 543 1973 in
570 1911 653 1974 locis
682 1909 715 1973 in
740 1909 877 1973 hiemem
900 1911 1067 1994 provisum
1089 1932 1157 1974 non

137 2005 216 2060 erat.

177 2082 227 2147 30.
273 2080 400 2161 Quibus
423 2082 522 2144 rebus
545 2081 685 2166 cognitis
707 2081 872 2166 principes
894 2080 1087 2155 Britanniae,
1101 2083 1156 2166 qui

134 2176 213 2252 post
235 2168 397 2251 proelium
408 2166 451 2230 ad
464 2167 638 2230 Caesarem
660 2176 887 2241 convenerant,
910 2167 994 2230 inter
1005 2188 1042 2231 se
1053 2169 1156 2231 collo·

135 2254 210 2327 cuti,
244 2274 344 2336 quum
379 2254 505 2336 equites
529 2260 562 2316 et
584 2273 686 2316 naves
710 2262 743 2317 et
770 2252 967 2316 frumentum
998 2252 1155 2317 Romanis

136 2337 253 2402 deesse
274 2339 493 2424 intelligerent
515 2346 549 2402 et
573 2339 769 2422 paucitatem
797 2339 931 2402 militum
961 2360 1003 2402 ex
1031 2349 1156 2402 castro-

131 2444 207 2506 ¹rum
230 2425 405 2511 exiguitate
439 2432 685 2510 cognoscerent,
719 2425 823 2509 ¹quae
847 2424 913 2488 hoc
936 2433 1027 2488 erant
1060 2426 1157 2488 etiam

135 2512 333 2596 angustiora,
367 2510 456 2595 quod
492 2510 562 2573 sine
593 2510 833 2594 impedimentis
867 2509 988 2574 Caesar
1009 2510 1156 2595 legiones

134 2605 425 2680 transportaverat,
448 2596 625 2681 ²optimum
648 2595 736 2660 factu
760 2617 834 2660 esse
860 2595 1024 2659 duxerunt
1051 2597 1156 2660 rebel·

134 2679 221 2745 lione
244 2681 331 2745 facta
352 2681 515 2746 frumento
542 2690 790 2767 commeatuque
818 2691 952 2745 nostros
981 2681 1157 2765 prohibere

135 2778 168 2830 et
190 2788 258 2830 rem
280 2768 313 2831 in
335 2766 473 2831 hiemem
495 2767 688 2852 producere,
711 2766 804 2852 quod
824 2767 877 2830 his
900 2768 1063 2851 superatis
1086 2768 1158 2831 ³aut

134 2851 244 2916 reditu
264 2853 451 2917 interclusis
473 2853 632 2917 neminem
643 2861 761 2937 postea
776 2853 854 2916 belli
874 2851 1034 2916 inferendi
1057 2874 1157 2916 causa

135 2937 168 3001 in
190 2937 391 3002 Britanniam
406 2940 619 3003 transiturum
641 2938 859 3003 confidebant
902 2938 1018 3023 Itaque
1039 2959 1155 3001 rursus

133 3024 361 3110 ⁴conjuratione
391 3023 478 3090 facta
510 3025 668 3110 paulatim
700 3047 742 3087 ex
774 3024 891 3088 castris
925 3021 1096 3088 discedere
1118 3045 1157 3089 ac

135 3130 215 3174 suos
239 3111 321 3173 clam
344 3133 385 3174 ex
407 3112 494 3197 agris
517 3110 681 3177 deducere
706 3119 893 3195 coeperunt.

177 3195 227 3260 31.
271 3198 316 3260 At
340 3195 469 3273 Caesar,
492 3197 555 3261 etsi
574 3195 722 3261 nondum
744 3217 857 3260 eorum
878 3195 1014 3259 consilia
1035 3215 1157 3280 cogno-

134 3289 235 3356 verat,
257 3293 364 3345 tamen
386 3292 420 3346 et
442 3305 482 3346 ex
510 3289 629 3347 eventu
661 3282 792 3349 navium
824 3302 954 3345 suarum
988 3289 1021 3344 et
1043 3302 1084 3343 ex
1106 3302 1156 3355 ee,

135 3366 228 3451 quod
250 3368 386 3432 obsides
409 3368 489 3433 dare
510 3367 758 3440 intermiserant,
787 3366 859 3431 fore
880 3365 924 3440 id,
959 3365 1051 3451 quod
1072 3366 1156 3429 acei-

134 3451 192 3528 dit,
215 3454 454 3538 suspicabatur.
497 3454 613 3537 Itaque
646 3453 690 3518 ad
723 3474 837 3519 omnes
874 3474 972 3516 casus
1006 3451 1157 3515 subsidia

136 3542 356 3623 comparabat
399 3541 483 3606 Nam
507 3548 540 3603 et
560 3538 757 3604 frumentum
779 3561 820 3603 ex
842 3538 929 3624 agris
953 3536 1100 3622 quotidie
1122 3537 1157 3601 in

136 3633 245 3688 castra
267 3625 456 3690 conferebat
489 3633 522 3689 et
555 3646 641 3710 quae
672 3625 864 3711 gravissime
896 3621 1036 3688 afflictae
1063 3630 1156 3686 erant

135 3728 244 3782 naves,
267 3711 398 3775 ²earum
419 3711 554 3775 materia
575 3719 675 3795 atque
696 3731 771 3775 aere
792 3709 837 3776 ad
850 3709 995 3793 reliquas
1010 3708 1155 3772 reficien-

137 3791 197 3856 das
218 3797 372 3860 utebatur
394 3799 447 3861 ³et
470 3818 555 3882 quae
578 3796 621 3860 ad
644 3817 700 3860 eas
722 3818 776 3860 res
799 3804 891 3860 erant
911 3795 986 3859 usui
1014 3816 1055 3858 ex
1076 3815 1155 3858 con·

136 3876 249 3959 tinenti
272 3883 469 3969 comportari
485 3882 635 3968 jubebat.
677 3882 801 3968 Itaque,
824 3901 923 3966 quum
946 3901 1072 3946 summo
1086 3894 1155 3945 stu·
