2468 4312
444 230 503 271 mn.
526 228 569 271 ru.
592 227 660 272 cnr.
683 205 820 274 20-23.
1083 206 1123 272 65

100 359 283 426 suetudinis
316 363 456 446 imperiti
490 363 612 426 bellum
624 360 763 510 populo
785 360 934 425 Romano
957 360 1122 439 fecissent,
1204 370 1207 377 '

100 468 200 530 seque
223 469 270 522 ea,
293 469 377 531 quae
398 449 602 531 imperasset,
639 456 772 510 acturos
784 447 1026 532 pollicerentur.
1049 447 1124 512 Hoc

99 533 162 597 sibi
184 531 306 596 Caesar
329 532 410 596 satis
434 543 620 617 opportune
644 532 806 596 accidisse
821 533 1007 608 arbitratae,
1031 533 1123 616 quod

98 640 205 703 neque
229 627 309 702 post
329 626 457 704 tergum
480 618 611 682 hostem
633 619 817 702 relinquere
849 617 983 682 volebat
1016 639 1123 702 neque

98 704 176 769 belli
199 703 334 790 gerendi
357 714 493 788 propter
516 705 591 768 anni
612 715 743 788 tempus
765 702 953 768 facultatem
980 704 1125 768 habebat

98 795 206 872 neque
228 788 290 853 has
313 790 509 852 tantularum
537 812 648 854 rerum
675 790 908 874 occupationes
936 789 1123 854 Britanniae

99 875 347 959 anteponendas
366 874 547 959 judicabat,
580 896 732 962 magnum
763 876 803 939 iis
837 897 1006 939 numerum
1035 876 1123 939 obsi-

99 960 178 1025 dum
200 961 346 1044 imperat.
391 959 540 1040 inuibus
563 960 717 1024 adductis
741 982 799 1024 eos
821 961 855 1024 in
877 960 976 1025 fidem
989 961 1123 1045 recepit.

98 1046 268 1112 ⁴Nauibus
292 1047 421 1110 circiter
442 1069 532 1109 cxxx
555 1047 712 1109 onerariis
735 1047 859 1110 coactis
878 1047 1122 1131 contractisque

99 1131 191 1217 quod
215 1132 296 1195 satis
320 1154 395 1195 esse
418 1132 460 1195 ad
484 1132 567 1194 duas
590 1133 862 1216 transportandas
886 1133 1032 1218 legiones
1056 1132 1123 1197 exi·

99 1218 262 1293 stimabat,
296 1217 387 1300 qnod
420 1226 590 1303 praeterea
622 1219 752 1281 navium
778 1218 950 1302 longarum
971 1218 1124 1293 habebat,

99 1305 277 1387 quaestori,
310 1303 427 1388 legatis
454 1303 694 1389 praefectisque
717 1303 890 1368 distribuit.
935 1302 1010 1367 Huc
1032 1324 1123 1367 acce-

100 1389 224 1454 debant
245 1411 327 1452 xvnr
350 1390 518 1453 onerariae
540 1410 650 1464 naves,
674 1411 758 1472 quae
781 1411 823 1453 ex
845 1410 885 1451 eo
907 1389 982 1452 loco
1002 1390 1043 1453 ab
1065 1391 1124 1452 mi·

99 1475 187 1539 libus
209 1495 368 1560 passuum
392 1482 468 1538 octo
491 1483 590 1538 vento
614 1477 817 1550 tenebantur,
852 1494 917 1556 quo
950 1475 1057 1538 minus
1090 1475 1122 1538 in

100 1560 241 1624 eundern
262 1569 396 1645 portum
416 1560 529 1624 venire
551 1570 703 1645 possent:
729 1561 790 1624 has
814 1555 979 1644 equitibus
1013 1558 1124 1623 distri-

99 1647 180 1710 buit.
224 1646 399 1729 Reliquum
422 1647 600 1709 exercitum
634 1644 756 1725 Quinto
782 1645 911 1710 Titurio
943 1645 1067 1709 Sabino
1091 1655 1124 1709 et
1216 1723 1217 1726 Ἴ

100 1731 203 1795 Lucio
227 1731 450 1817 Aurunculejo
475 1730 591 1795 Cottae
624 1731 740 1817 legatis
762 1732 795 1794 in
817 1730 991 1814 Menapios
1025 1738 1123 1814 atque

99 1817 133 1881 in
156 1838 214 1879 eos
237 1837 341 1902 pagos
364 1817 577 1893 Morinorum,
600 1819 641 1881 ab
665 1818 783 1900 quibus
796 1815 840 1880 ad
852 1838 925 1879 eum
946 1816 1045 1902 legati
1057 1838 1124 1880 non

100 1911 266 1977 venerant,
289 1901 496 1966 ⁵dncendum
519 1902 624 1978 dedit,
657 1902 810 1967 Publium
842 1902 1024 1986 Sulpicium
1057 1901 1123 1965 Ru-

48 2033 51 2038 *
100 1986 169 2051 fum
192 1988 334 2073 legatum
356 2009 430 2050 cum
453 2009 492 2051 eo
514 1987 690 2072 praesidio,
719 1988 810 2074 quod
837 1988 917 2052 satis
941 2009 1017 2051 esse
1039 1988 1123 2052 arbi-

99 2074 258 2142 trabatur,
280 2081 413 2158 portum
436 2082 545 2136 tenere
565 2075 678 2160 jussit.

144 2158 195 2223 23.
242 2159 322 2221 ¹His
347 2159 534 2222 constitutis
556 2160 656 2223 rebus
679 2167 795 2224 nactus
818 2158 970 2224 idoneam
1002 2157 1046 2223 ad
1067 2180 1123 2222 na·

100 2242 279 2330 rigandum
300 2252 528 2328 tempestatem
551 2246 647 2308 tertia
667 2244 734 2309 fere
756 2247 868 2332 vigilia-
901 2245 1002 2309 solvit
1034 2245 1123 2329 equi·

101 2337 219 2413 tesque
239 2331 273 2393 in
294 2330 482 2394 ulteriorem
514 2339 647 2415 portum
679 2331 834 2418 progredi
857 2339 891 2395 et
911 2350 1012 2394 naves
1046 2351 1123 2393 con·

100 2415 259 2479 scandere
293 2424 326 2479 et
359 2437 395 2478 se
424 2416 517 2498 sequi
543 2415 653 2500 jussit.
702 2418 875 2501 Aquibus
898 2437 997 2500 quum
1018 2414 1120 2499 paulo

100 2502 227 2565 tardius
250 2510 340 2564 esset
362 2500 631 2578 administratum,
664 2503 757 2587 ²ipse
789 2503 872 2565 hora
905 2501 1033 2565 circiter
1056 2499 1122 2563 diei

100 2596 218 2672 quarta
240 2608 312 2650 cum
334 2588 447 2670 primis
480 2588 618 2651 navibus
652 2587 851 2651 Britanniam
883 2587 990 2672 attigit
1022 2594 1121 2670 atque
1228 2641 1232 2648 .

99 2673 145 2737 ibi
165 2673 200 2735 in
223 2673 374 2736 omnibus
398 2673 539 2736 collibus
562 2673 731 2758 expositas
757 2673 901 2737 hostium
934 2671 1047 2756 copias
1070 2693 1121 2735 ar·

100 2767 204 2822 matas
227 2759 409 2843 conspexit
454 2756 557 2844 Cujus
579 2759 644 2822 loci
665 2759 747 2822 haec
773 2767 843 2822 erat·
874 2765 990 2822 natura
1022 2765 1121 2841 atque

100 2844 146 2908 ita
167 2844 333 2908 montibus
356 2845 504 2930 angustis
526 2865 615 2908 mare
638 2846 871 2920 continebatur,
899 2845 948 2908 uti
974 2865 1015 2906 ex
1037 2843 1120 2907 locis

101 2930 329 3015 superioribus
363 2930 395 2993 in
428 2929 506 2992 litus
540 2930 640 2994 telum
669 2930 757 3015 adigi
784 2937 908 3014 posset.
960 2927 1056 2992 Hunc
1077 2927 1121 2993 ad

101 3014 1123 3184 ttdttlttttttttttlttlltdtttffitttr

101 3185 135 3248 in
158 3186 285 3249 ancoris
299 3187 511 3271 exspectavit.
554 3185 685 3250 Interim
707 3187 824 3272 legatis
846 3186 1050 3269 tribunisque
1064 3185 1123 3248 mi-

101 3269 196 3335 litum
218 3274 407 3336 convocatis
431 3279 464 3336 et
486 3293 571 3356 quae
599 3294 641 3336 ex
669 3271 840 3336 Voluseno
869 3279 1056 3357 cognosset
1090 3277 1123 3334 et

103 3376 189 3440 quae
210 3356 279 3421 fieri
301 3359 410 3431 vellet,
432 3357 579 3421 ostendit
599 3358 798 3443 monuitque,
826 3358 885 3421 ‘ut
905 3357 952 3420 rei
973 3355 1122 3419 militaris

101 3443 196 3517 ratio,
218 3443 357 3506 maxime
379 3451 416 3506 ut
435 3443 612 3506 maritimae
644 3464 698 3507 res
731 3442 947 3528 postularent,
978 3449 1016 3504 ut
1038 3460 1123 3526 quae

102 3528 243 3592 celerem
264 3537 363 3614 atque
385 3529 569 3593 instabilem
591 3537 714 3594 motum
736 3527 903 3602 haberent,
925 3526 986 3590 ⁵ad
1008 3536 1123 3590 nutum

103 3613 202 3677 etad
225 3618 354 3698 tempus
379 3632 491 3677 omnes
514 3636 567 3678 res
590 3615 631 3678 ab
653 3614 694 3676 iis
717 3613 1026 3677 administrarentur.
1060 3611 1122 3676 His

104 3698 248 3762 dimissis
264 3708 304 3763 et
325 3708 458 3762 ventum
481 3707 514 3762 et
535 3707 662 3763 aestum
683 3720 749 3762 uno
772 3707 918 3784 tempore
939 3707 1055 3763 nactus
1071 3719 1124 3761 se·

103 3785 247 3849 cundum
269 3783 347 3850 dato
376 3785 469 3871 signo
493 3792 527 3850 et
549 3785 688 3851 sublatis
721 3785 849 3849 ancoris
883 3784 1010 3849 circiter
1035 3783 1124 3853 milia
