2468 4312
125 208 186 278 128
472 232 514 273 na
536 231 639 281 nanno
661 231 801 277 oatcrco
828 254 831 259 -

121 384 179 428 rae
202 369 236 427 et
267 363 383 427 virium
415 362 587 427 infirmitas
621 363 804 447 impediret.
855 361 919 428 Ubi
943 385 1002 428 eos
1026 363 1059 427 iu
1083 384 1158 429 sen·

122 448 225 514 tentia
247 457 395 532 perstare
418 448 580 522 viderunt,
613 449 706 532 quod
738 449 933 532 'plerumque
965 449 997 513 in
1019 471 1158 513 musmo

124 533 274 620 periculo
295 534 392 614 timor
415 532 670 597 misericordiam
694 555 760 597 non
793 536 918 618 recipit,
951 534 1159 598 conclamare

125 627 159 683 et
182 618 365 704 siguificare
385 617 532 704 defuga
553 618 712 682 Romanis
728 628 921 702 coeperunt,
964 618 1042 698 Quo
1062 620 1160 683 timo-

125 727 161 768 re
184 702 467 788 perterritiGalli,
500 726 542 768 ne
574 705 616 768 ab
650 705 798 786 equitatu
830 705 1055 768 Romanorum
1084 705 1159 768 viae

126 797 464 875 praeoccuparentur„
479 788 617 852 consilio
641 787 848 853 destiterunt

169 873 219 938 27.
263 873 407 937 Postero
431 871 485 936 die
508 872 629 937 Caesar
651 883 805 958 promota
826 874 908 938 turri
936 872 1160 957 ¹direotisque

127 959 293 1044 operibus,
317 980 401 1043 quae
423 957 531 1022 facere
553 959 748 1034 instituerat,
770 980 889 1044 magno
912 966 1030 1023 coorto
1055 959 1161 1023 imbre

126 1066 194 1108 non
216 1044 363 1107 inutilem
385 1043 471 1107 hanc
493 1042 537 1106 ad
559 1043 755 1128 capiendum
777 1045 952 1108 consilium
982 1051 1161 1128 tempesta-

128 1139 193 1194 tem
216 1130 403 1204 arbitratus,
428 1127 520 1211 quod
532 1128 632 1213 paulo
644 1129 808 1193 incautius
831 1128 1003 1193 custodias
1015 1130 1049 1192 in
1064 1149 1161 1192 muro

128 1213 311 1299 dispositas
334 1214 476 1279 videbat
505 1235 586 1276 suos
620 1234 754 1296 quoque
792 1213 979 1299 languidius
1001 1215 1036 1278 in
1058 1235 1161 1297 opere

128 1299 253 1362 versari
271 1299 375 1384 jussit
398 1298 438 1374 et,
462 1297 542 1382 quid
563 1299 634 1361 ficri
657 1299 765 1373 vellet,
789 1299 943 1363 ostendit.
987 1299 1161 1382 ²Legioni-

128 1385 258 1467 busque
280 1385 367 1446 intra
387 1385 501 1448 vineas
535 1384 568 1447 in
591 1382 723 1447 occulto
758 1383 922 1468 expeditis
956 1383 1162 1459 cohortatus,
1180 1388 1185 1402 ³

127 1468 366 1552 utaliquando
400 1490 462 1552 pro
492 1469 591 1533 tantis
625 1469 794 1532 laboribus
827 1468 969 1532 fructum
1003 1469 1163 1533 victoriae

85 1592 90 1603 ι
128 1554 344 1641 perciperent,
366 1553 429 1628 his,
452 1555 507 1637 qui
531 1553 625 1638 primi
648 1575 775 1617 murum
800 1553 1038 1630 ascendissent,
1065 1575 1163 1638 prae·

127 1642 193 1705 mia
213 1640 391 1724 proposuit
413 1638 638 1723 militibusque
660 1640 789 1724 signum
810 1638 919 1703 dedit.
974 1639 1026 1702 llli
1050 1639 1163 1702 subito

129 1746 171 1790 ex
194 1725 344 1787 omnibus
369 1725 518 1808 partibus
541 1723 757 1789 evolaverunt
784 1745 978 1810 murumque
1012 1723 1164 1788 celeriter

128 1809 385 1895 compleverunt.
493 1863 495 1869 .

173 1893 223 1959 28.
269 1893 415 1957 ¹Hostes
437 1914 473 1956 re
502 1914 589 1958 nova
622 1893 786 1978 perterriti
820 1915 914 1958 muro
947 1893 1165 1978 turribusque

131 1979 251 2064 dejecti
273 1980 307 2042 in
329 1977 403 2042 soro
426 2000 465 2042 ao
488 1978 570 2042 locis
592 1980 832 2063 patentioribus
856 1980 1017 2042 cuneatim
1040 1979 1165 2042 consti·

130 2073 241 2128 terunt
262 2063 328 2127 hoc
351 2064 467 2138 animo,
489 2072 535 2138 ut,
559 2064 587 2126 si
610 2084 676 2147 qua
699 2073 857 2148 exparte
879 2065 1010 2128 obviarn
1048 2073 1165 2127 contra

129 2149 305 2222 veniretur,
340 2149 409 2212 acie
442 2149 603 2212 instructa
625 2149 861 2234 depugnarent.
915 2147 981 2213 Ubi
1002 2148 1165 2212 neminem

130 2235 164 2298 in
186 2255 327 2318 aequum
349 2233 459 2297 locum
493 2255 568 2297 sese
602 2232 781 2309 demittere,
815 2232 877 2298 sed
909 2242 982 2297 toto
1016 2232 1165 2317 undique

131 2340 224 2383 muro
248 2317 463 2383 circumfundi
485 2318 649 2394 viderunt,
672 2319 775 2393 veriti,
798 2340 839 2382 ne
862 2319 994 2382 omnino
1018 2339 1097 2402 spes
1113 2316 1174 2400 fu·-

131 2425 197 2490 gae.
219 2403 400 2472 tolleretur.
433 2403 571 2489 abjectis
604 2405 702 2466 armis
735 2403 868 2466 ultimas
902 2402 1017 2488 oppidi
1051 2412 1165 2486 partes

132 2488 311 2553 continenti
333 2491 457 2573 impetu
480 2489 681 2572 petiverunt3
704 2509 850 2572 parsque
872 2488 926 2563 ibi,
949 2508 1166 2574 quumangu-

132 2585 185 2638 sto
210 2575 300 2637 exitu
323 2587 541 2659 portarumse
556 2573 620 2658 ipsi
642 2582 836 2658 premerent,
859 2594 878 2636 a
901 2573 1068 2646 militibus,
1085 2594 1165 2657 pars

126 2659 197 2746 jam
220 2681 356 2744 egressa
378 2660 484 2742 portis
518 2660 559 2723 ab
598 2658 763 2741 equitibus
797 2666 849 2722 est
881 2657 1069 2732 interfectar
1103 2679 1165 2721 nec

131 2742 194 2808 fuit
217 2744 399 2828 quisquam,
433 2743 489 2827 qui
521 2742 665 2827 praedae
688 2742 846 2806 studeret
901 2743 957 2807 Sic
980 2751 1013 2805 et
1037 2741 1166 2808 Genabi

133 2828 235 2892 caede
259 2844 291 2891 et
313 2829 427 2892 labore
454 2828 564 2910 operis
596 2828 721 2891 incitati
754 2849 820 2891 non
853 2836 961 2891 aetate
995 2827 1166 2903 confectis,

132 2935 200 2978 non
221 2911 422 2987 mulieribus,
445 2933 513 2975 non
534 2910 713 2976 infantibus
736 2923 963 2997 pepercerunt.
1013 2911 1167 2998 Denique

134 3020 176 3062 ex
199 2997 286 3061 omni
308 3019 453 3072 numero,
476 2996 533 3080 qui
553 2995 617 3060 fuit
639 2997 767 3061 circiter
788 2997 911 3060 milium
932 3019 985 3069 xn,
1007 2997 1064 3061 vix
1075 3015 1167 3073 occe,

134 3083 190 3167 qui
212 3083 318 3166 primo
342 3083 484 3146 clamore
507 3081 622 3145 audito
646 3103 682 3145 se
705 3103 747 3145 ex
770 3081 896 3166 oppido
920 3083 1096 3167 ejecerunt,
1117 3083 1167 3146 in·

134 3168 281 3232 columes
303 3166 347 3231 ad
374 3167 492 3231 Vercin
516 3167 672 3251 etorigem
706 3176 935 3252 pervenerunt.
992 3166 1087 3245 Quos
1110 3167 1168 3231 ille

133 3251 235 3316 multa
254 3252 323 3338 jam
345 3262 442 3317 nocte
465 3188 596 3315 silentio
619 3273 661 3315 ex
682 3250 761 3337 fuga
794 3251 925 3336 excepit
956 3253 1092 3325 veritus,
1124 3273 1168 3316 ue

135 3337 254 3421 quain
276 3337 394 3401 castris
418 3360 460 3400 ex
483 3358 595 3400 eorum
613 3358 777 3400 concursu
800 3348 833 3400 et
853 3336 1080 3400 misericordia
1094 3337 1168 3403 vul·

134 3423 165 3506 gi
190 3421 310 3486 seditio
335 3434 493 3494 oreretur,
515 3432 551 3485 ut
574 3421 692 3504 procul
724 3422 757 3484 iu
779 3421 832 3485 via
866 3420 1041 3505 dispositis
1074 3419 1168 3486 fami·

133 3508 270 3572 liar-ibus
295 3508 364 3570 suis
387 3506 656 3591 principibusque
678 3505 845 3569 civitatum
864 3504 1087 3590 disparandos
1111 3506 1168 3571 da·

135 3592 375 3675 ‹lucendosquc
407 3589 451 3655 ad
485 3612 566 3654 suos
589 3599 727 3665 curaret,
749 3591 856 3675 'quae
891 3591 1010 3676 cuique
1043 3591 1169 3657 civitati

134 3698 213 3762 pars
236 3690 420 3742 castrorum
443 3677 484 3740 ab
507 3675 599 3739 initio
623 3676 811 3740 obvenerat

179 3762 229 3827 29.
272 3763 415 3829 Postero
440 3762 492 3825 die
514 3760 655 3824 concilio
677 3774 861 3826 convocato
889 3761 1084 3826 consolatus
1113 3783 1169 3827 co-

136 3846 355 3932 hortatusque
378 3857 439 3922 est,
462 3869 500 3910 ae
520 3869 552 3910 ae
574 3844 740 3910 adiudam
767 3849 872 3911 animo
903 3847 1114 3923 demitterent„
1131 3870 1170 3913 aa
