2468 4312
431 247 492 289 ua.
514 246 558 289 vn
603 246 672 289 car.
695 225 810 291 7-11.
1071 229 1130 293 101

143 377 172 443 9.
218 377 369 453 ¹Caesar‚
393 387 571 463 postquam
594 400 636 442 ex
659 377 819 463 Menapiis
843 379 876 442 in
898 377 1057 444 Treviros
1077 402 1132 445 ve·

98 464 156 538 nit,
179 464 310 529 duabus
335 464 376 528 de
399 465 509 528 causis
530 463 683 528 Rhenum
696 465 835 528 transire
847 465 1033 541 constituit3
1053 487 1133 549 qua·

98 570 173 613 rum
194 570 261 613 una
283 561 362 623 erat,
386 549 477 632 quod
500 549 621 612 auxilia
643 556 758 612 contra
784 571 820 613 se
854 548 1001 612 Treviris
1036 552 1133 614 mise·

98 643 184 711 rant,
205 635 318 708 altera,
347 656 388 697 ne
422 634 466 697 ad
499 655 557 697 eos
580 634 751 697 Ambiorix
784 643 953 718 receptum
986 635 1132 700 haberet.

99 719 163 783 His
186 721 377 784 constitutis
399 721 500 783 rebus
523 718 656 802 paulum
679 740 782 803 supra
805 741 879 783 eum
911 722 1030 795 locum,
1065 743 1132 804 quo

99 813 178 869 ante
212 807 389 870 exercitum
426 804 633 878 traduxerat,
670 803 779 868 facere
815 814 951 889 pontem
982 807 1133 871 instituit.

99 890 212 957 ²Nota
233 901 333 977 atque
354 891 505 955 instituta
536 890 663 952 ratione
697 911 815 975 magno
849 892 986 954 militum
1020 891 1133 956 studio

99 977 216 1060 paucis
250 977 368 1042 diebus
402 997 489 1060 opus
523 973 671 1038 efficitur.
714 975 824 1039 Firmo
853 977 885 1039 in
919 977 1066 1040 Treviris
1090 977 1135 1041 a'd

100 1071 236 1146 pontem
259 1062 426 1146 praesidio
449 1060 638 1133 relictoue
661 1062 735 1144 quis
759 1062 800 1125 ab
823 1061 876 1125 his
900 1064 1010 1126 subito
1024 1074 1133 1126 motus

101 1160 260 1222 oreretur,
283 1148 448 1229 ³reliquas
471 1146 585 1229 copias
609 1148 856 1230 equitatumque
872 1147 1024 1211 traducit.
1050 1148 1133 1223 Ubii,

101 1233 160 1315 qui
182 1240 258 1296 ante
281 1233 418 1296 obsides
441 1229 603 1295 dederant
625 1241 725 1316 atque
746 1233 781 1296 in
804 1233 1004 1296 deditionem
1038 1255 1135 1298 vene-

101 1326 185 1392 rant,
209 1317 371 1403 purgandi
395 1317 446 1380 sui
469 1337 570 1379 causa
593 1317 636 1379 ad
659 1339 733 1381 eum
756 1318 884 1402 legatos
908 1320 1048 1394 mittunt,
1078 1319 1135 1403 qui

102 1401 254 1476 doceant
276 1426 372 1489 aeque
393 1426 431 1465 ea
451 1425 509 1464 aaa
537 1403 655 1466 civitate
677 1405 798 1467 auxilia
820 1406 853 1466 in
880 1405 1020 1468 Treuiros
1041 1408 1136 1467 mireo

101 1510 198 1573 acque
226 1488 266 1552 ab
293 1512 325 1551 se
343 1488 442 1576 fidem
469 1487 602 1549 merom:
629 1496 747 1571 petunt
775 1498 874 1572 atque
898 1498 1001 1565 orant,
1024 1502 1057 1552 ut
1076 1491 1136 1553 stoi

97 1584 222 1658 parcat,
256 1574 315 1637 ‘ne
343 1573 495 1637 commoni
522 1572 592 1634 odio
626 1573 853 1637 Germanarum
880 1576 1050 1638 innocenter
1072 1597 1135 1658 pro

102 1659 276 1722 nocentibus
301 1681 420 1742 poenae
441 1658 597 1742 pordano
627 1658 673 1721 ⁵ri
706 1661 840 1744 amplius
871 1660 1010 1722 obsidum
1036 1661 1134 1739 vellet,

103 1743 182 1807 dore
202 1743 409 1828 pollicentur.
465 1742 604 1827 Cognita
637 1742 759 1808 Caesar
792 1765 893 1807 causa
926 1746 1056 1829 reperit,
1093 1745 1134 1808 ab

103 1828 223 1894 Suavis
246 1830 367 1893 auxilia
388 1829 490 1892 missa
512 1849 602 1891 esse:
625 1827 786 1893 Ubiorum
801 1828 1060 1893 satisfactionem
1082 1851 1136 1894 ac·

104 1915 202 1998 cepit,
224 1914 335 1979 aditus
357 1916 495 1996 viasque
517 1914 550 1976 iu
573 1912 703 1978 Suevos
726 1916 897 1999 perquirit.

151 2000 199 2064 10.
243 1999 395 2064 ¹Interim
418 1999 532 2084 paucis
565 2007 646 2082 post
679 1999 795 2065 diebus
826 2000 863 2062 fit
885 2001 926 2064 ab
950 1999 1042 2064 Ubiis
1067 2022 1136 2064 eer-

104 2084 179 2159 tior,
202 2085 332 2149 Suevos
356 2106 470 2148 omnes
492 2085 526 2146 in
548 2105 648 2146 unum
670 2085 779 2148 locum
803 2086 917 2168 copias
941 2108 1059 2170 cogere
1088 2095 1136 2150 at·

104 2191 171 2254 que
192 2170 233 2233 iis
255 2172 454 2242 nationibus,
478 2189 563 2251 quae
586 2170 649 2233 sub
673 2192 784 2234 eorum
809 2172 875 2233 sint
896 2172 1042 2255 imperio
1080 2170 1136 2234 de·

104 2256 270 2331 nunciare,
302 2272 340 2319 ut
373 2255 494 2319 auxilia
527 2253 695 2337 peditatus
729 2257 961 2338 equitatusque
997 2257 1135 2320 mittant.

106 2341 168 2405 His
191 2341 333 2426 cognitis
356 2343 456 2404 rebus
478 2360 547 2401 rem
569 2337 813 2404 frumentariam
830 2340 995 2424 providet,
1017 2342 1135 2405 castris

104 2425 260 2490 idoneum
282 2427 392 2489 locum
415 2424 544 2508 deligit3
571 2423 666 2489 Ubiis
694 2427 841 2509 imperat
870 2434 907 2489 ut
936 2448 1057 2510 pecora
1080 2425 1137 2489 de·

106 2510 229 2575 ducant
251 2532 378 2595 suaque
401 2510 509 2573 omnia
526 2530 585 2573 -ex
617 2512 704 2594 agris
733 2513 766 2573 in
800 2510 924 2594 oppida
957 2510 1136 2584 conferant,

56 2626 60 2631 ·
104 2617 254 2680 sperans,
280 2597 440 2661 barbaros
464 2604 563 2678 atque
585 2597 754 2678 imperitos
778 2595 926 2659 homines
949 2596 1061 2679 inopia
1094 2597 1138 2658 ei-

105 2681 272 2747 bariorum
294 2681 460 2745 adductos
483 2679 527 2743 ad
548 2680 691 2763 iniquam
719 2681 886 2765 pugnandi
915 2679 1138 2744 conditionem

105 2788 209 2851 posse
232 2766 368 2842 deduci3
390 2765 533 2840 mandat
556 2773 592 2827 ut
615 2766 750 2830 crebros
770 2766 999 2849 exploratores
1011 2767 1042 2829 in
1056 2767 1138 2830 Sue·
1159 2763 1163 2771 ’

104 2873 169 2915 vos
192 2851 329 2927 mittant
352 2872 504 2934 quaeque
526 2851 617 2934 apud
639 2872 698 2914 eos
726 2859 891 2936 gerantur,
924 2860 1137 2936 cognoscant.

104 2936 159 3000 Illi
179 2937 340 3019 imperata
359 2936 486 3001 faciunt
507 2943 540 2997 et
563 2936 678 3019 paucis
701 2935 820 2999 diebus
841 2937 1036 3000 intermissis
1055 2936 1138 2999 refe·

105 3030 192 3091 runt
214 3021 329 3085 omos
350 3044 460 3101 manca,
478 3032 681 3106 posteaquam
702 3023 843 3084 certiores
868 3024 974 3085 nuncii
995 3022 1032 3085 de
1054 3045 1139 3084 erer-

105 3107 168 3170 cito
188 3108 403 3171 Romanorum
423 3107 566 3186 uenerint
595 3128 663 3169 cion
689 3108 827 3170 manibus
846 3110 911 3170 soie
931 3108 1140 3192 eociorronqoe

106 3192 212 3276 copiis,
235 3215 312 3277 qaae
333 3193 500 3276 coepissent,
519 3193 644 3276 panitiae
668 3192 712 3255 od
731 3203 878 3255 extremos
897 3193 980 3279 flacc
1005 3216 1037 3255 ae
1058 3214 1138 3254 rece·

101 3277 204 3361 piere5
223 3278 335 3341 siloam
355 3300 417 3341 ecee
438 3277 482 3340 ibi
503 3278 625 3365 infinita
645 3277 864 3360 moqnitcdinc,
887 3278 987 3362 2φιαο
998 3277 1105 3361 appell
1125 3311 1139 3323 ·

105 3372 159 3426 tor
178 3361 331 3443 Bacmie5
353 3362 454 3425 ³ltonc
475 3361 562 3444 looye
584 3363 736 3425 torrorem
750 3364 908 3445 pertinere
928 3374 956 3423 et
972 3385 1036 3446 pro
1058 3363 1138 3424 auti·

106 3468 144 3510 vo
170 3469 260 3510 moro
293 3448 440 3530 olpcctom
474 3446 637 3510 Ctemocos
669 3447 709 3510 ab
741 3447 862 3522 Saeuo,
896 3445 1066 3531 Suevosqoe
1099 3446 1139 3508 ab

86 3529 267 3596 'Citmacio
288 3533 412 3613 injuriae
433 3533 715 3617 inmersionibocquc
731 3531 912 3614 prohibere5
934 3530 978 3593 ad
998 3534 1062 3613 eyia
1080 3532 1139 3593 ini·

106 3618 183 3681 tiom
203 3617 299 3681 siluae
320 3617 436 3682 Suevos
456 3617 618 3680 aduentum
638 3619 852 3681 Romanorum
874 3625 1046 3699 exspectare
1068 3637 1139 3679 con-

105 3704 241 3767 clitum.

154 3788 204 3851 ll.
248 3786 432 3866 ¹Quoniam
454 3787 497 3852 ad
520 3787 609 3852 hunc
630 3786 739 3850 locum
763 3792 956 3868 perventum
985 3793 1043 3850 est.
1074 3807 1140 3849 non

107 3871 249 3937 alienum
271 3894 348 3938 esse
369 3872 502 3939 videtur
524 3872 567 3939 de
589 3870 718 3937 Galliae
751 3869 1010 3956 Germaniaeque
1044 3872 1140 3934 mori·
