2468 4312
420 227 481 269 ma.
504 227 536 270 m
559 223 562 229 ·
582 225 650 269 car.
676 202 810 284 18÷23.
1086 206 1127 270 37

97 357 276 423 revocandi
308 358 442 430 milites,
476 359 533 443 qui
560 358 660 443 paulo
688 358 819 444 longius
843 359 971 444 aggeris
994 359 1127 442 petendi

97 464 199 506 causa
220 449 461 526 processerant,
484 442 683 518 arcessendi,
706 445 792 507 acies
814 442 1015 518 instruenda,
1049 446 1129 508 mili·

96 537 148 591 tes
172 528 378 603 cohortandi,
401 528 531 613 signum
553 527 706 592 dandum.
752 527 898 607 Quarum
920 550 1030 592 rerum
1062 550 1129 592 ma-

95 633 195 698 gnam
217 621 344 696 partem
365 613 542 697 ²temporis
565 613 711 678 brevitas
735 620 769 676 et
790 635 967 676 successus
983 613 1129 678 hostium

96 696 305 782 impediebat
350 697 431 761 ³His
455 697 703 761 difficultatibus
733 698 817 761 duae
845 720 899 761 res
929 707 1022 761 erant
1051 701 1129 764 sub·

97 781 194 856 sidio,
217 783 356 845 scientia
377 796 477 865 atque
499 805 581 846 usus
604 783 749 859 militum,
781 783 871 866 quod
901 785 1129 866 superioribus

96 867 234 953 proeliis
259 867 435 942 exercitati,
459 868 540 950 quid
551 867 621 930 fieri
633 875 810 952 oporteret,
833 890 900 930 non
922 869 1028 931 minus
1041 890 1129 931 com-

97 951 197 1015 mode
218 952 284 1035 ipsi
306 952 368 1016 sibi
390 953 624 1036 praescribere,
648 974 746 1037 quam
768 953 810 1016 ab
833 954 904 1015 aliis
935 953 1047 1016 doceri
1068 976 1129 1039 po-

96 1043 214 1110 terant
238 1044 271 1100 et
293 1037 385 1119 quod
407 1037 448 1101 ab
472 1059 492 1101 o
519 1059 573 1100 ere
596 1039 800 1122 singulisque
822 1038 1006 1122 legionibus
1020 1039 1130 1123 singu·

96 1122 151 1185 los
173 1121 304 1207 legatos
328 1121 449 1186 Caesar
483 1059 654 1186 ‹iiscedere
681 1123 745 1186 nisi
777 1123 909 1186 munitis
933 1125 1051 1186 castris
1074 1145 1130 1186 ve·

97 1214 214 1271 tuerat
259 1205 304 1271 Hi
325 1215 463 1292 propter
484 1207 762 1292 propinquitatem
786 1216 818 1271 et
847 1208 1047 1271 celeritatem
1069 1209 1130 1271 ho·

98 1292 198 1356 stium
219 1291 322 1355 ⁴nihil
339 1293 409 1377 jam
432 1291 582 1356 Caesaris
605 1293 776 1376 imperium
799 1294 1045 1378 exspectabant,
1069 1292 1130 1356 sed

97 1398 159 1462 per
181 1398 228 1452 se,
251 1398 335 1460 quae
358 1377 563 1452 videbantur,
587 1377 865 1441 administrabant.

141 1460 191 1525 21.
238 1460 381 1526 ¹Caesar
402 1462 597 1526 necessariis
621 1464 721 1526 rebus
747 1463 914 1546 imperatis
944 1461 988 1525 ad
1011 1462 1130 1525 cohor·

97 1545 220 1610 tandos
243 1547 371 1622 militae,
395 1568 492 1630 quam
515 1549 548 1609 in
594 1556 697 1610 artem
708 1547 778 1611 fors
791 1548 920 1622 obtulit,
944 1546 1131 1610 decucurrit

99 1631 187 1694 etad
202 1631 364 1716 legionem
388 1632 544 1696 decimam
569 1569 709 1695 devenit.
752 1632 876 1695 Milites
899 1654 967 1695 non
981 1632 1130 1716 longiore

99 1716 248 1780 oratione
272 1717 474 1794 cohortatus,
505 1717 624 1801 ²quam
645 1718 694 1779 uti
717 1738 796 1779 suae
819 1717 977 1800 pristinae
999 1716 1129 1778 virtutis

98 1801 287 1864 memoriam
308 1804 486 1866 retinerent
495 1824 560 1866 neu
570 1804 841 1887 perturbarentur
853 1802 959 1864 animo
971 1800 1130 1863 hostium-

100 1908 164 1971 que
186 1886 344 1970 impetum
365 1887 494 1951 fortiter
510 1889 719 1964 sustinerent,
743 1886 835 2035 quod
846 1909 912 1949 non
924 1886 1054 1971 longius
1070 1885 1131 1949 ho·

100 1979 170 2036 stes
193 1973 338 2048 aberant,
362 1995 458 2057 quam
489 1994 555 2056 quo
589 1973 690 2036 telum
723 1994 743 2036 a
763 1973 820 2058 jioi
854 1979 980 2056 posset,
1013 1971 1131 2055 proelii

100 2057 325 2121 committendi
349 2060 478 2143 signum
501 2057 601 2121 dedit.
652 2057 763 2140 Atque
785 2059 818 2120 in
841 2059 977 2120 alteram
1004 2065 1131 2141 partem

99 2142 177 2205 item
199 2142 397 2207 cohortandi
419 2165 520 2206 causa
541 2142 711 2226 profectus
733 2142 956 2228 pugnantibus
980 2141 1130 2204 occurrit.

99 2225 276 2310 Temporis
301 2236 392 2291 tanta
413 2228 476 2291 fuit
498 2229 658 2312 exiguitas
682 2227 894 2310 hostiumque
916 2234 1130 2310 temperatus

101 2311 144 2374 ad
167 2310 386 2376 dimicandum
410 2313 545 2387 animus,
567 2321 693 2376 utnon
715 2313 816 2375 modo
840 2311 884 2375 ad
905 2311 1063 2394 ³insignia
1080 2331 1132 2372 ae·

101 2395 349 2474 commodanda,
384 2397 445 2462 sed
468 2399 564 2461 etiam
586 2397 629 2461 ad
651 2397 763 2482 galeas
785 2395 990 2459 inducendas
1014 2395 1132 2457 scutis-

101 2502 166 2566 que
187 2482 364 2567 tegimenta
398 2481 605 2547 detrudendo
636 2489 767 2566 tempus
800 2481 969 2544 ⁴defuerit.
1026 2478 1133 2558 Quam

101 2567 243 2651 quisque
265 2569 306 2632 ab
331 2589 431 2652 opere
453 2568 486 2630 in
509 2575 635 2652 partem
658 2589 739 2630 casu
762 2566 894 2629 devenit
906 2587 1056 2649 quaeque
1068 2565 1133 2648 pri-

101 2673 154 2714 ma
176 2653 271 2738 signa
293 2652 476 2737 conspexit,
500 2652 647 2715 adhaec
670 2653 832 2726 constitit,
855 2673 896 2714 ne
918 2651 952 2713 in
975 2671 1133 2733 quaeren-

102 2737 153 2800 dis
177 2738 248 2801 suis
271 2737 440 2822 pugnandi
462 2744 592 2820 tempus
617 2736 801 2799 dimitteret.

145 2821 195 2885 22.
239 2822 407 2886 Instructo
441 2823 598 2896 exercitu,
631 2822 734 2906 magis
757 2829 795 2884 ut
816 2820 882 2883 loci
904 2828 1022 2883 natura
1045 2819 1133 2902 deje-

101 2915 243 2991 ctusque
266 2907 362 2971 collis
386 2915 419 2970 et
440 2907 622 2969 necessitas
635 2907 801 2990 temporis,
826 2926 922 2988 quam
938 2914 976 2969 ut
989 2905 1036 2968 rei
1052 2904 1133 2967 mili-

102 2992 182 3055 taris
205 2992 290 3055 ratio
314 2999 413 3075 atque
436 2991 520 3054 ordo
543 2991 744 3075 postulabat,
778 2991 900 3075 ¹quum
923 2991 1063 3054 diversis
1089 2990 1134 3052 le·

100 3077 255 3163 gionibus
279 3077 361 3139 aliae
383 3077 448 3140 alia
468 3077 502 3139 in
524 3084 618 3160 parte
643 3076 797 3139 hostibus
826 3076 1020 3139 resisterent
1048 3075 1134 3158 sepi·

101 3163 232 3245 busque
254 3161 475 3233 densissimis,
504 3169 638 3224 utente
662 3160 974 3236 demonstravimus,
1002 3160 1134 3243 interje-

101 3248 163 3311 ctis
186 3254 387 3345 prospectus
409 3245 631 3330 impediretur,
653 3267 761 3328 neque
784 3254 874 3308 certa
896 3244 1046 3309 subsidia
1067 3243 1134 3306 col·

100 3332 204 3395 locam
226 3352 334 3414 neque
357 3331 437 3415 quid
459 3331 493 3394 in
515 3351 647 3414 quaque
675 3339 768 3414 parte
798 3352 883 3414 opus
912 3338 1001 3394 esset
1024 3328 1134 3412 provi-

102 3416 173 3481 deri
195 3438 303 3500 neque
326 3417 367 3481 ab
390 3438 457 3480 uno
482 3417 591 3479 omnia
622 3416 757 3500 imperia
791 3414 1013 3478 administrari
1039 3421 1135 3496 pote-

100 3510 182 3566 rant.
227 3503 344 3586 Itaque
366 3501 420 3564 ²in
443 3508 534 3563 tanta
555 3522 664 3563 rerum
686 3501 855 3584 iniquitate
877 3498 1029 3562 fortunae
1053 3519 1134 3582 quo·

101 3607 165 3671 que
188 3594 327 3650 eventus
350 3585 432 3650 varii
455 3586 684 3668 sequebantur.

143 3671 193 3736 23.
239 3671 394 3757 Legionis
416 3692 522 3734 nonae
546 3679 579 3733 et
601 3669 745 3734 decimae
767 3668 901 3743 milites,
925 3666 981 3731 lut
1002 3668 1035 3730 in
1058 3667 1135 3731 sini·

100 3764 171 3820 stra
192 3764 287 3855 parte
310 3757 379 3819 acie
402 3757 626 3830 constiterant,
648 3754 724 3839 pilis
749 3754 878 3817 emissis
902 3774 999 3816 cursu
1016 3774 1055 3815 ac
1070 3753 1134 3815 las-

100 3840 244 3907 situdine
267 3842 471 3906 exanimatos
495 3841 751 3923 vulneribusque
775 3837 945 3903 confectos
957 3839 1134 3903 Atrebates
