2468 4312
128 188 171 253 44
481 208 523 250 na
545 207 648 251 nstro
672 207 810 250 cantico

130 339 285 406 sustineri
308 338 546 402 existimabant.
597 337 814 408 ⁵Accedebat,
839 338 929 421 quod
953 361 1033 403 suos
1057 341 1098 403 ab
1122 362 1159 403 se

129 427 252 490 liberos
276 427 462 488 abstractos
486 423 641 487 obsidum
662 425 792 487 nomine
805 424 962 488 dolebant
985 433 1017 488 et
1039 426 1159 488 Roma-

129 533 191 574 nos
214 532 282 572 non
304 510 412 572 solum
435 508 585 571 itinerum
609 529 720 583 causa,
753 508 815 572 sed
849 509 943 572 etiam
977 519 1159 595 perpetuae

129 594 365 680 possessionis
399 593 540 656 culmina
572 593 705 677 Alpium
739 615 901 677 occupare
930 596 1042 657 conari
1065 603 1098 658 et
1121 615 1160 658 ea

128 681 204 744 loca
225 680 379 742 finitimae
401 678 589 763 provinciae
612 677 791 764 adjungere
807 679 868 742 sibi
891 700 1087 763 persuasum
1102 679 1159 742 ha·

129 766 258 829 bebant.

173 851 201 912 3.
246 849 308 912 His
330 847 458 912 nunciis
482 849 626 932 acceptis
651 846 765 924 Galba,
795 871 896 933 quum
923 871 1030 933 neque
1052 848 1158 934 ¹opus

128 934 340 998 hibernorum
362 934 625 1016 munitionesque
647 933 744 1018 plene
768 943 881 998 essent
901 934 1075 1019 perfectae,
1103 957 1159 998 ne·

130 1041 195 1103 que
218 1019 260 1082 de
282 1018 446 1082 frumento
469 1019 664 1102 reliquoque
687 1027 870 1083 commeatu
881 1022 962 1083 satis
978 1029 1068 1083 esset
1082 1040 1159 1104 pro·

129 1105 245 1181 visum,
269 1103 361 1187 quod
383 1102 551 1166 deditione
572 1101 660 1166 facta
682 1102 921 1187 obsidibusque
944 1105 1088 1188 acceptis
1111 1105 1159 1167 ni-

128 1189 176 1254 hil
199 1189 351 1253 debello
374 1187 551 1252 timendum
576 1188 826 1263 existimaverat,
849 1190 988 1252 consilio
1010 1189 1160 1253 celeriter

130 1282 313 1339 convocato
348 1273 527 1337 sententias
562 1273 735 1355 exquirere
763 1275 881 1358 coepit.
928 1272 1003 1352 Quo
1026 1273 1059 1339 in
1082 1295 1159 1337 con-

129 1361 215 1434 sili0‚
239 1381 339 1444 quum
362 1367 487 1422 tantum
508 1359 671 1442 repentini
692 1360 831 1443 periculi
853 1358 1003 1443 ²praeter
1032 1359 1160 1443 opinio·

129 1466 203 1508 nem
226 1444 410 1518 accidisset
433 1465 472 1506 ac
488 1442 559 1527 jam
581 1442 779 1508 omniafere
802 1445 974 1527 superiora
988 1444 1063 1507 loca
1077 1444 1160 1506 mul-

129 1529 268 1594 titudine
300 1538 499 1592 armatorum
532 1528 697 1612 completa
729 1531 1006 1613 conspicerentur,
1033 1530 1160 1613 ³neque

130 1613 280 1678 subsidio
303 1615 407 1677 veniri
428 1635 535 1697 neque
558 1623 758 1677 commeatus
788 1616 978 1698 supportari
1006 1615 1160 1678 interclu-

130 1700 176 1763 sis
188 1699 359 1764 itineribus
370 1707 519 1782 possent
541 1719 647 1796 prope
664 1699 735 1783 Jam
758 1698 935 1783 desperata
957 1701 1064 1762 salute
1079 1721 1160 1762 non·

128 1784 238 1849 nullae
260 1784 452 1870 hujusmodi
475 1791 655 1846 sententiae
667 1784 868 1859 dicebantur,
891 1794 928 1848 ut
949 1783 1160 1868 impedimen-

128 1870 172 1932 tis
195 1870 318 1932 relictis
342 1869 512 1952 eruptione
534 1867 623 1931 facta
643 1869 760 1931 iisdem
782 1869 962 1945 itineribus
986 1869 1106 1952 quibus
1119 1890 1159 1933 eo

129 1955 367 2038 pervenissent,
388 1952 454 2016 ⁴ad
476 1953 615 2015 salutem
627 1953 872 2017 contenderent.
917 1954 1037 2039 lllajori
1052 1962 1161 2017 tamen

129 2039 216 2122 parti
237 2039 371 2122 placuit,
394 2037 458 2100 hoc
480 2045 650 2100 reservato
673 2037 718 2102 ad
740 2039 941 2102 ⁵extremum
957 2040 1096 2103 consilio
1112 2040 1160 2103 in·

130 2123 224 2186 terim
246 2123 293 2186 rei
316 2131 467 2185 eventum
490 2122 630 2205 experiri
653 2132 686 2186 et
708 2132 817 2186 castra
844 2123 1030 2187 defendere.

173 2209 202 2272 4.
247 2207 346 2270 Brevi
369 2207 478 2290 spatio
501 2206 682 2291 interjecta,
706 2208 830 2272 ¹vixut
847 2209 899 2271 his
922 2211 1031 2283 rebus,
1054 2208 1159 2293 ²quas

131 2293 389 2367 constituissent,
412 2291 616 2355 collocandis
629 2302 728 2376 atque
740 2292 1006 2357 administrandis
1029 2302 1159 2378 tempus

131 2377 273 2453 daretur,
296 2377 413 2441 hostes
437 2399 479 2440 ex
500 2378 652 2441 omnibus
685 2379 835 2461 partibus
871 2380 965 2464 signo
1000 2379 1079 2442 dato
1104 2379 1160 2442 de·

130 2484 269 2537 currere,
292 2462 421 2546 lapides
441 2482 608 2546 gaesaque
629 2463 663 2525 in
684 2462 807 2526 vallum
829 2465 1000 2549 conjicere.
1044 2464 1160 2530 Nostri

153 2548 235 2611 rimo
258 2548 392 2632 integris
415 2547 540 2610 viribus
562 2545 691 2611 fortiter
712 2569 896 2632 repugnare
917 2571 1024 2633 neque
1057 2549 1160 2613 ullum

129 2569 253 2696 liustra
275 2633 376 2695 telum
398 2653 440 2694 ex
462 2631 551 2695 ³loco
575 2633 745 2716 superiore
768 2634 904 2708 mittere,
937 2643 975 2697 ut
1008 2654 1159 2716 quaeque

129 2737 207 2801 pars
231 2724 415 2781 castrorum
444 2716 568 2780 nudata
597 2716 828 2781 defensoribus
851 2719 954 2802 premi
976 2718 1159 2794 videbatur,

130 2823 170 2866 eo
194 2822 367 2865 occurrere
390 2810 423 2864 et
444 2802 601 2864 auxilium
622 2801 717 2877 ferre,
741 2802 801 2866 sed
813 2802 878 2866 hoc
894 2805 1051 2888 superari,
1068 2804 1160 2887 quod

130 2887 342 2950 diuturnitate
364 2907 494 2972 pugnae
516 2885 633 2950 hostes
657 2886 781 2950 defessi
803 2887 931 2972 proelio
948 2888 1160 2964 excedebant

129 2971 183 3034 alii
206 2972 342 3056 integris
365 2972 489 3036 viribus
513 2972 751 3047 succedebant;
775 2993 912 3055 quarum
929 2995 1036 3036 rerum
1060 2996 1080 3037 a
1101 2996 1160 3036 no-

129 3058 206 3119 stris
230 3066 366 3140 propter
388 3057 586 3141 paucitatem
618 3057 688 3120 fieri
720 3057 802 3120 nihil
834 3065 974 3142 poterat,
1010 3059 1070 3122 ⁴ae
1092 3080 1161 3122 non

128 3141 228 3204 modo
253 3140 386 3204 defesso
410 3163 451 3204 ex
473 3162 585 3226 pugna
607 3141 797 3217 excedendi,
820 3142 882 3206 sed
903 3164 945 3206 nc
961 3144 1073 3206 saucio
1090 3144 1160 3226 qui·

129 3226 203 3289 dem
227 3226 298 3290 e‘us
321 3226 395 3301 loci,
418 3226 474 3290 ubi
497 3227 698 3302 constiterat,
727 3227 934 3310 relinquendi
962 3250 1001 3291 ac
1030 3229 1082 3291 sui
1109 3250 1160 3292 re·

129 3312 235 3396 cipien
262 3312 267 3325 '
292 3309 433 3374 facultas
460 3310 609 3374 dabatur.

171 3396 200 3459 5.
246 3395 356 3476 Quum
372 3397 443 3481 jam
466 3396 626 3480 lamplius
648 3395 741 3461 horis
764 3418 825 3460 sex
862 3398 1066 3461 continenter
1099 3419 1159 3482 pu-

127 3489 282 3627 gnaretur
304 3502 343 3544 ac
370 3503 438 3546 non
466 3481 574 3545 solum
596 3481 694 3557 vires,
728 3480 789 3544 sed
823 3481 919 3545 etiam
947 3483 1014 3547 tela
1035 3484 1159 3548 nostris

154 3565 306 3631 elicerent
317 3573 416 3649 atque
431 3566 548 3630 hostes
571 3566 679 3629 acrius
701 3566 862 3630 instarent
883 3567 1159 3652 languidioribus·

129 3669 193 3731 que
214 3652 338 3715 nostris
361 3652 484 3716 vallum
511 3650 662 3716 scindere
690 3659 724 3715 et
749 3650 860 3715 fossas
889 3653 1054 3736 complere
1084 3674 1159 3716 coe-

125 3733 265 3819 pissent,
286 3757 407 3821 resque
431 3748 521 3801 esset
543 3734 613 3819 jam
642 3734 686 3800 ad
714 3743 894 3801 extremum
922 3737 1084 3821 perducta
1106 3759 1159 3800 ca-

123 3836 211 3907 pum,
232 3818 370 3886 Publius
383 3821 517 3888 Sextius
530 3819 684 3896 Baculus,
706 3820 802 3905 primi
813 3823 872 3906 pili
887 3823 1043 3899 centurio,
1060 3843 1158 3906 quem
