2468 4312
94 226 139 297 20
440 257 482 298 nr
504 253 607 298 annno
630 252 768 296 oannrco

97 389 269 452 voluntate
294 387 465 451 discedere
487 389 614 463 liceret3
643 387 791 451 nonnulli
820 385 950 470 pudore
979 384 1131 461 adducti,

97 483 135 538 ut
157 475 283 537 timoris
307 474 528 557 suspicionem
551 476 701 548 vitarent,
722 473 944 535 remanebant.
967 471 1011 534 lli
1022 493 1132 554 neque

98 560 225 622 vultum
247 559 370 644 fingere
399 581 506 642 neque
535 559 699 622 interdum
727 558 879 621 lacrimas
901 565 1013 621 tenere
1035 566 1132 640 pote-

97 654 185 708 rant:
209 645 313 708 abditi
335 645 368 706 in
392 645 612 708 tabernaculis
636 652 693 707 aut
715 666 810 706 suum
832 642 935 706 fatum
948 643 1132 725 quereban-

98 741 152 794 tur
174 739 231 793 aut
254 752 328 793 cum
349 728 565 793 familiaribus
589 731 658 792 suis
682 750 852 792 commune
875 728 1058 813 perieulum
1072 728 1132 802 mi·

99 816 301 879 serebantur.
347 813 477 900 “Vulgo
501 816 581 878 totis
606 815 724 878 castris
757 821 954 877 testamenta
976 814 1132 898 obsigna·

97 903 224 965 bantur.
269 900 396 962 Horum
419 901 558 964 vocibus
583 922 621 962 ac
643 901 759 963 timore
782 900 939 983 paulatim
963 899 1059 961 etiam
1081 898 1131 972 hi,

99 987 155 1069 qui
187 1007 339 1069 magnum
360 987 393 1048 in
417 987 534 1048 castris
563 1007 661 1048 usum
689 985 869 1059 habebant,
902 985 1022 1046 milites
1056 1005 1132 1046 oen·

98 1072 326 1152 turionosque,
350 1071 472 1154 quique
496 1072 653 1153 equitatui
675 1078 862 1154 praeerant,
892 1069 1131 1153 perturbaban-

98 1167 160 1220 tur.
206 1155 271 1235 Qui
295 1178 330 1218 se
354 1178 396 1218 ex
418 1157 469 1218 his
493 1157 599 1218 minus
623 1156 756 1218 timidos
769 1155 947 1218 existimari
957 1155 1131 1229 volebant,

98 1264 164 1305 non
188 1264 223 1304 se
245 1242 377 1304 hostem
399 1242 520 1316 vereri,
550 1240 610 1304 sed
633 1242 802 1326 angustias
824 1240 965 1314 itineris
988 1239 1132 1324 ⁷magni·

98 1326 244 1390 tudinem
268 1327 432 1400 silvarum,
456 1348 540 1408 quae
562 1327 803 1391 intercederent
824 1327 909 1388 inter
920 1326 1014 1409 ipsos
1031 1332 1132 1407 atque

98 1413 311 1486 Ariovistum,
334 1413 412 1474 ⁸aut
433 1434 502 1474 rom
524 1411 776 1486 frumentariam,
798 1417 836 1474 ut
859 1412 939 1473 satis
959 1409 1132 1473 commode

99 1499 290 1581 supportari
324 1506 456 1581 posset,
491 1497 604 1559 timere
633 1496 795 1560 dicebant.
846 1495 1004 1561 Normulli
1035 1496 1133 1558 etiam

99 1582 231 1646 Caesari
244 1584 451 1657 nunciabant,
475 1604 576 1666 quum
588 1591 698 1645 eastra
714 1581 840 1644 moveri
862 1602 901 1643 ac
924 1580 1039 1665 ⁹sig11a
1053 1580 1133 1643 ferri

93 1669 261 1753 jussisset,
286 1668 385 1730 ¹⁰non
408 1667 480 1730 fore
504 1667 593 1730 dicto
617 1667 788 1731 audientes
800 1666 919 1729 mihtes
931 1687 1040 1751 neque
1054 1687 1133 1751 pro·

98 1762 172 1838 pter
194 1755 343 1815 timorem
366 1754 458 1838 signa
481 1754 616 1815 laturos,

142 1839 192 1900 40.
237 1839 329 1901 llaec
353 1860 453 1922 quum
476 1837 771 1912 animadvertisset,
795 1845 979 1900 convocato
993 1835 1133 1899 consilio

99 1922 329 2006 1omniumque
352 1923 504 1985 ordinum
533 1923 576 1986 ad
604 1922 638 1985 id
668 1922 841 1985 consilium
871 1922 1027 1984 adhibitis
1058 1942 1133 1983 cen-

102 2007 508 2071 turionibusvehementer
532 2030 589 2071 eos
613 2008 790 2070 incusavit:
808 2010 956 2091 primum,
1000 2006 1064 2068 uod
1081 2018 1137 2069 aut

102 2115 194 2178 quma
217 2095 251 2155 e'u
267 2104 392 2176 partem
415 2104 468 2156 aret
488 2115 547 2178 quo
572 2093 701 2155 *romuleo
731 2093 924 2173 duceremur,
953 2029 1012 2155 sida·
1040 2115 1134 2178 quae-

101 2179 230 2240 rendum
253 2189 307 2241 aut
338 2179 531 2262 recitandum
553 2187 708 2262 pretorem.
753 2180 939 2241 Ariouistum
960 2202 992 2240 se
1013 2178 1135 2240 coraule

102 2265 296 2349 cupidissime
312 2265 427 2347 populi
448 2265 585 2326 Romani
608 2265 776 2326 arnicitiam
799 2266 964 2348 appeltam
987 2262 1136 2326 our-laureo

101 2360 164 2412 tam
197 2361 304 2412 temere
337 2352 497 2435 quisquam
531 2351 570 2412 ab
599 2349 699 2438 afficio
732 2349 932 2412 discessumau
955 2346 1135 2428 judicaret?

101 2434 191 2498 ²Siu·
222 2435 344 2520 quidem
371 2434 570 2518 permaderi,
605 2436 731 2517 coquetis
762 2437 825 2497 uris
852 2433 1016 2518 postulatis
1045 2445 1135 2520 atque

102 2522 251 2605 aequitate
284 2520 487 2584 conditionum
514 2530 677 2604 perspecta
706 2543 774 2581 eum
800 2543 895 2606 aeque
922 2543 1011 2585 saram
1039 2542 1136 2605 neque

96 2606 209 2689 populi
236 2607 374 2669 Romani
398 2608 535 2688 qratiam
562 2605 803 2688 repudiaturum.
849 2605 961 2683 ³Qu0d
980 2607 1007 2666 se'
1019 2605 1136 2689 surore

103 2701 191 2775 atque
213 2693 348 2753 amentia
370 2692 518 2775 impulsus
541 2690 650 2752 bellum
671 2691 825 2768 intulisset,
849 2690 924 2775 quid
944 2690 1067 2752 taudem
1084 2712 1134 2752 oe-

100 2773 260 2837 rerentur?
293 2788 346 2838 aut
367 2797 422 2838 erar
444 2776 480 2837 de
500 2799 559 2838 area
580 2777 687 2837 uirtute
716 2785 769 2837 aut
797 2775 833 2836 de
855 2776 952 2858 ipsius
973 2774 1135 2858 diliyeutia

102 2858 317 2944 desperarem?
348 2861 499 2923 '‘Faetum
527 2863 590 2942 ejus
617 2860 708 2922 tostis
734 2861 909 2944 periculum
925 2870 1057 2943 patrum
1078 2882 1134 2927 uo-

101 2956 233 3010 strorum
254 2948 410 3025 memoria,
435 2968 527 3031 qrurm
547 2946 676 3008 Cimbris
699 2955 727 3007 et
750 2946 890 3007 Teutonis
912 2969 932 3007 a
956 2944 1038 3026 Gajo
1060 2945 1135 3008 Ma-

102 3033 150 3092 rio
168 3031 269 3114 pulsis
290 3053 352 3093 aon
373 3032 521 3092 minorem
545 3030 667 3092 laudem
689 3032 849 3110 exercitur,
874 3052 967 3115 ortam
988 3031 1056 3114 epm
1077 3031 1135 3092 im·

96 3126 234 3200 perator,
256 3117 381 3180 meritam
402 3115 579 3197 aldebertum
601 3115 735 3202 ⁵factrrm
757 3116 848 3178 etiam
859 3137 959 3198 reaper
980 3117 1015 3176 iu
1037 3115 1114 3178 Itali

101 3201 204 3263 seruili
232 3202 372 3280 tumultu,
407 3223 481 3286 quos
512 3211 613 3263 tamea
642 3199 761 3284 aliquid
786 3224 858 3262 urm
892 3221 929 3262 ac
952 3199 1133 3284 discerdiae,

102 3309 180 3371 quae
203 3308 223 3348 u
244 3287 331 3348 uobis
360 3288 556 3368 accepissem,
584 3285 781 3347 rirbleeareut.
832 3285 884 3348 Ea
912 3306 971 3370 quo
991 3285 1137 3366 yirdicari

96 3393 195 3455 posse,
219 3382 366 3456 quantum
387 3369 510 3433 liaberet
530 3373 564 3432 iu
585 3393 616 3432 se
639 3371 709 3432 boui
731 3368 938 3451 ⁶coreatautia5
965 3382 1136 3454 propterea

102 3456 189 3540 qieod,
214 3479 287 3542 quos
310 3455 502 3541 aliquamdiu
523 3457 655 3517 inermos
676 3456 742 3516 siue
767 3477 862 3517 eausa
884 3457 1057 3535 timuissem,
1071 3454 1136 3518 dos

98 3551 206 3624 postea
230 3552 365 3604 armatos
387 3564 425 3603 aa
446 3542 571 3602 ractores
592 3552 791 3624 serperasseat.
837 3539 1137 3626 ⁷Deue'quelrosesse

103 3624 227 3705 eoadem,
251 3627 428 3711 quibusoam
448 3647 665 3709 saepenumero
687 3623 820 3687 Heluetii
842 3627 994 3707 conarerse’
1014 3648 1136 3688 aeriso-

103 3708 166 3770 lum
187 3711 221 3771 iu
242 3713 317 3790 sair,
346 3711 401 3774 sed
427 3712 518 3773 etiam
539 3712 572 3772 iu
604 3710 727 3771 illorum
745 3711 864 3797 finibus
881 3710 1064 3796 plerumque
1085 3734 1136 3773 su·

98 3795 250 3875 peramat,
274 3797 327 3880 qui
347 3806 448 3858 tamea
464 3817 561 3878 parer
583 3817 643 3857 esse
664 3805 765 3856 nostro
789 3796 934 3857 exercitui
947 3817 1010 3857 acu
1026 3805 1137 3879 potue·

103 3877 172 3939 rlut.
216 3877 253 3942 Si
274 3902 347 3966 quoa
370 3880 529 3944 adeersum
545 3879 701 3964 proelium
723 3889 751 3941 et
760 3879 846 3967 fuya
870 3879 1034 3944 Gallorum
1051 3902 1136 3944 eom·
