2468 4312
442 260 503 302 mn.
525 261 569 302 tv.
614 259 683 302 cnr.
706 237 822 301 6-12.
1093 240 1135 304 59

101 392 283 456 deliberata
304 400 384 477 post
406 391 492 455 diem
515 391 645 455 tertium
669 391 713 455 ad
736 391 909 455 Caesarem
924 413 1135 467 reversuros3

100 479 247 541 ²interea
268 500 310 541 ne
332 478 471 561 propius
495 499 532 540 se
555 485 665 540 castra
686 485 842 550 moveret,
865 478 1038 562 petierunt.
1083 477 1134 542 Ne

99 561 135 626 id
158 563 291 645 quidem
314 561 435 626 Caesar
446 564 488 627 ab
501 583 538 625 se
552 562 720 647 impetrari
742 583 844 645 posse
868 561 959 625 dixit.
1004 561 1134 646 Cogno-

100 658 194 710 verat
217 649 309 722 enim,
332 669 482 732 magnam
505 657 632 731 partem
655 647 820 730 equitatus
854 648 896 710 ab
931 646 984 710 his
1007 647 1135 729 aliquot

99 731 218 796 diebus
241 743 317 796 ante
339 732 521 816 praedandi
542 730 829 814 frumentandique
855 752 956 794 causa
982 732 1026 794 'ad
1056 732 1134 794 Am·

99 818 259 881 bivaritos
271 829 364 881 trans
382 817 512 880 Mosam
535 817 682 880 missam:
705 817 770 880 hos
796 817 981 900 exspectari
1004 817 1133 901 equites

99 911 200 986 atque
224 902 296 966 c'us
318 903 365 966 rei
389 923 490 966 causa
511 923 635 965 moram
657 902 821 985 interponi
846 902 1074 965 arbitrabatur.

145 989 194 1051 10.
275 1009 337 1050 osa
358 986 493 1073 profluit
526 1008 569 1050 ex
600 995 712 1050 monte
734 986 881 1071 Vosego,
910 987 986 1069 lqui
1020 988 1133 1052 estin

98 1071 219 1136 finibus
242 1072 304 1135 Lin
327 1094 436 1147 onum,
458 1073 513 1136 ²et
534 1081 628 1155 parte
651 1071 792 1156 quadam
808 1093 850 1133 cx
861 1072 978 1135 Rheno
990 1082 1133 1157 recepta,

99 1177 184 1240 quae
207 1094 394 1242 appeliatur
410 1156 555 1221 Vacalus
577 1158 785 1240 insulamque
808 1155 1132 1235 eflicitVatavorum,

98 1243 132 1305 in
156 1241 323 1306 Oceanum
345 1242 459 1315 inlluit,
482 1263 589 1325 neque
611 1242 743 1327 longius
767 1243 808 1306 ab
832 1240 966 1305 Oceano
999 1243 1131 1309 milibus

99 1348 257 1410 passuum
280 1350 371 1391 cxxx
392 1329 426 1391 in
447 1327 598 1391 Rhenum
621 1325 734 1391 influit.
778 1326 915 1390 Rhenus
938 1335 1045 1390 autem
1069 1331 1132 1393 ori·

100 1420 154 1475 tur
177 1434 218 1475 ex
240 1413 422 1496 Lepontiis,
445 1413 501 1496 qui
523 1413 628 1496 Alpes
650 1413 807 1485 incolunt,
831 1421 864 1475 et
890 1412 992 1496 longo
1022 1416 1131 1497 spatio

99 1497 258 1581 perfines
277 1499 499 1572 Nantuatium,
522 1497 759 1571 Helvetiorum,
781 1497 1018 1579 Sequanorum,
1040 1499 1131 1563 *Me-

101 1583 338 1657 diomatricum,
364 1582 593 1657 Tribocorum,
627 1581 840 1646 Trevirorum
874 1583 994 1644 citatus
1028 1580 1131 1648 fertur

100 1676 143 1742 et,
165 1668 222 1731 ubi
244 1667 379 1731 Oceano
401 1668 688 1752 appropinquavit,
710 1668 744 1729 in
772 1666 885 1749 plures
914 1665 1029 1729 delluit
1056 1691 1131 1753 par·

100 1764 151 1816 tcs
174 1753 286 1816 multis
308 1753 561 1838 ingentibusque
582 1753 699 1815 insulis
723 1751 856 1823 effectis,
886 1773 1024 1834 quarum
1051 1775 1131 1838 pars

98 1857 218 1922 magna
239 1859 259 1900 a
279 1836 359 1901 feris
381 1837 600 1920 barbarisque
621 1837 810 1900 nationibus
822 1836 983 1910 incolitur,
1007 1857 1048 1899 ex
1061 1840 1132 1922 qui-

99 1925 164 1987 bus
187 1930 273 1997 sunt,
297 1923 353 2007 qui
375 1924 523 2007 piscibus
546 1930 645 2005 atque
668 1922 740 1985 ovis
763 1921 870 1984 avium
892 1922 1003 1984 vivere
1019 1925 1131 1988 existi·

99 2016 238 2080 mentm,
262 2006 460 2092 ⁰multisque
483 2008 646 2092 capitibus
670 2007 702 2070 in
725 2006 893 2071 Oceanum
915 2005 1030 2070 influit.

146 2093 195 2155 11.
239 2091 382 2156 ¹Caesar
404 2113 505 2175 quum
529 2094 570 2155 ab
592 2092 691 2155 hoste
712 2113 780 2154 non
803 2093 943 2176 amplius
972 2113 1130 2176 passuum

100 2199 147 2240 xu
168 2177 299 2241 milibus
323 2179 464 2251 abesset,
487 2185 606 2240 uterat
621 2177 846 2250 constitutum,
868 2177 911 2239 ad
934 2197 1009 2239 eum
1031 2177 1130 2263 legati

99 2270 324 2325 revertuntur:
358 2263 415 2344 qui
446 2263 480 2324 in
512 2263 626 2324 itinere
660 2263 830 2345 congressi
858 2283 1066 2346 magnopere,
1088 2284 1130 2327 ne

100 2346 231 2431 longius
254 2346 518 2431 progrederetur.
541 2348 690 2410 orabant.
741 2345 850 2425 Quum
871 2345 906 2409 id
934 2367 1001 2409 non
1029 2349 1130 2431 impe·

100 2440 254 2506 trassent,
278 2432 443 2515 petebant,
466 2433 513 2494 uti
536 2431 579 2495 ad
603 2453 661 2494 eos
685 2432 822 2513 equites
845 2432 901 2514 qui
929 2451 1045 2514 agmen
1074 2453 1130 2495 an·

99 2517 323 2591 tecessissent‚
351 2516 595 2600 ²praemitteret
628 2538 753 2599 eosque
786 2537 897 2600 pugna
929 2516 1130 2600 prohiberet,

98 2602 227 2684 sibique
249 2611 287 2664 ut
309 2608 508 2687 potestatem
530 2601 653 2664 faceret
674 2602 707 2663 in
729 2599 834 2664 Ubios
858 2601 986 2686 legatos
1001 2603 1130 2666 mitten-

99 2686 149 2757 di:
172 2687 334 2771 ³quorum
356 2687 384 2749 si
406 2687 573 2771 principes
597 2708 635 2749 ac
657 2696 792 2749 senatus
820 2687 882 2749 sibi
910 2686 1129 2769 jurejurando

98 2771 197 2836 fidem
219 2771 362 2842 fecisset,
386 2794 424 2834 ea
439 2772 636 2845 condit-ione,
659 2773 765 2855 ⁴quae
787 2793 807 2832 a
830 2769 969 2834 Caesare
981 2770 1130 2846 ferretur,

99 2877 280 2919 sensuros
307 2856 542 2920 ostendebant:
571 2856 614 2920 ad
641 2857 702 2918 has
731 2877 785 2918 res
815 2856 1036 2920 conficiendas
1066 2858 1130 2921 sibi

97 2940 199 3004 tridui
223 2941 365 3023 spatium
388 2941 490 3004 daret.
536 2942 627 3005 Haec
650 2941 758 3004 omnia
781 2940 903 3004 Cacsar
931 2941 1047 3004 eodem
1070 2943 1128 3005 illo

98 3027 263 3110 pertinere
285 3026 512 3100 arbitrabatur,
535 3035 572 3089 ut
594 3026 694 3090 tridui
715 3047 808 3089 mora
830 3027 1024 3110 interposita
1039 3029 1129 3109 equi·

97 3121 150 3173 tes
174 3131 296 3183 eorum,
323 3110 398 3192 ⁵qui
427 3111 591 3185 abessent,
624 3118 880 3176 reverterentur:
913 3119 1020 3174 tamen
1055 3133 1129 3175 sese

97 3217 165 3258 non
187 3194 318 3279 longius
341 3195 472 3258 milibus
495 3217 652 3279 passuum
676 3205 833 3279 quattuor
856 3197 1041 3280 aquationis
1054 3218 1129 3260 cau·

99 3301 137 3342 sa
159 3300 393 3363 processurum
417 3301 456 3342 eo
481 3279 534 3343 die
558 3279 654 3344 dixit:
687 3281 754 3345 huc
781 3290 919 3366 postero
949 3281 1001 3343 die
1031 3302 1128 3363 quam

97 3364 353 3446 frequentissimi
386 3367 612 3438 convenirent,
649 3374 686 3428 ut
723 3366 765 3430 de
800 3387 914 3431 eornm
949 3366 1128 3448 postulatis

98 3459 324 3534 cognosceret,
378 3450 509 3513 Interim
539 3450 581 3514 ad
609 3449 811 3532 praefectos,
845 3451 901 3534 qui
935 3471 1007 3512 cum
1042 3451 1128 3512 omni

99 3535 246 3616 equitatu
269 3542 523 3606 antecesserant,
545 3535 651 3607 mittit,
677 3533 754 3618 ⁷qui
776 3536 976 3607 nunciarent
1004 3556 1045 3597 ne
1068 3534 1129 3598 ho-

98 3630 168 3681 stes
191 3619 321 3702 proelio
345 3620 549 3682 lacesserent
571 3627 611 3690 et,
635 3619 663 3681 si
685 3619 749 3701 ipsi
762 3620 1010 3692 lacesserentur,
1033 3620 1129 3683 ⁸sus·

98 3703 247 3771 tinerent,
271 3705 383 3785 quoad
405 3706 477 3789 ipse
500 3725 573 3766 cum
597 3705 742 3767 exercitu
754 3706 892 3788 propius
918 3704 1127 3768 accessisset.

144 3787 191 3852 12.
236 3790 281 3851 At
303 3789 429 3862 hostes,
453 3788 528 3851 lubi
552 3789 689 3872 primum
722 3797 858 3852 nostros
892 3791 1019 3873 equites
1050 3812 1128 3854 con·

97 3884 293 3958 sperarunt,
333 3896 473 3960 quormn
512 3883 583 3937 erat
615 3874 760 3958 quinque
796 3874 919 3938 milium
956 3896 1127 3953 numeruS,
