2468 4312
433 228 493 270 nm.
516 227 536 270 1.
581 227 650 271 oar.
676 207 809 271 11-14,
1119 209 1138 272 7

107 368 208 443 atque
229 359 276 422 ita
298 361 477 423 exercitum
498 357 650 423 traducit.
699 358 845 423 Helvetii
871 359 1042 443 repentino
1067 359 1139 444 ejus

107 444 256 507 adventu
280 444 464 517 ²aommoti,
488 464 588 527 quum
610 443 659 519 id,
706 443 775 507 uod
796 443 862 527 ipsi
885 442 1002 508 diebus
1024 445 1057 508 vi
1082 445 1140 508 ‘nti

106 528 307 613 ⁸aegerrime
335 527 558 604 confecerant,
591 530 650 591 ⁴ut
681 465 801 591 ilumen
824 529 1014 602 transirent,
1047 465 1139 594 iffum

105 635 174 676 uno
197 612 251 677 die
273 611 393 677 fecisse
413 613 647 699 intelligerent,
680 613 808 698 legatos
831 611 875 674 ad
897 634 971 676 eum
992 614 1139 690 mittunt,

105 697 202 782 cujus
226 697 399 783 legationis
422 697 539 761 Divico
562 699 716 782 princeps
739 696 809 773 fuit,
837 697 913 781 ⁵qui
941 698 1030 762 bello
1060 697 1139 762 Cas·

105 781 201 845 siano
236 781 306 846 dux
338 782 567 846 Helvetiorum
594 782 710 846 fuerat.
761 783 793 844 ls
816 781 861 844 ita
890 804 963 845 cum
997 782 1138 847 Caesare

105 865 206 951 “egitt
229 865 267 930 si
283 889 397 951 pacem
412 867 550 952 populus
570 870 731 931 Romanus
756 890 824 930 cum
845 866 991 930 Heluetiis
1002 868 1137 954 faceret,

104 951 141 1014 in
162 975 232 1014 eam
246 963 373 1035 partem
393 954 489 1016 ituros
511 963 600 1038 atque
621 953 665 1015 ibi
677 952 804 1038 ⁸futuros
825 951 991 1032 Helvetios,
1014 953 1068 1016 ubi
1089 976 1139 1016 eos

107 1036 223 1100 Caesar
248 1038 445 1100 constituisset
465 1048 553 1123 atque
575 1061 635 1100 esse
655 1037 809 1100 coluisset:
836 1036 905 1100 ⁷sin
934 1038 1009 1100 bello
1032 1061 1138 1121 perse·

104 1123 160 1207 qui
175 1133 399 1205 perseveraret,
422 1124 664 1184 reminiscemur
692 1133 719 1184 et
744 1124 850 1185 ueteris
877 1124 1061 1186 incommodi
1077 1145 1138 1208 po·

99 1206 174 1290 puli
205 1207 344 1270 Romani
376 1218 404 1269 et
432 1208 587 1290 pristinae
617 1208 736 1270 virtutis
762 1206 976 1271 Heluetiorum.
1027 1207 1140 1286 ⁸Quod

104 1291 271 1374 improviso
292 1315 389 1354 unum
404 1313 525 1375 papum
537 1292 662 1354 adortus
679 1304 757 1371 esset,
781 1315 873 1376 quum
894 1294 926 1373 ii,
951 1293 1004 1377 qui
1016 1291 1137 1378 flumen

105 1377 296 1456 transissent,
330 1378 394 1439 suis
416 1377 568 1440 arrailium
580 1376 671 1462 serre
692 1398 754 1438 non
770 1388 907 1459 possent,
937 1401 975 1440 ne
1003 1377 1040 1440 ol
1069 1401 1138 1440 eam

103 1481 170 1522 rem
192 1470 248 1524 aut
267 1484 342 1524 suae
362 1483 549 1544 mapnopere
569 1462 675 1523 virtuti
696 1461 844 1540 trilrteret,
869 1472 924 1524 aut
942 1462 1136 1546 ipsosdespi·

105 1555 199 1608 ceret:
219 1568 250 1607 se
275 1546 320 1608 ita
342 1569 363 1608 a
385 1546 531 1630 patritius
557 1546 783 1629 majoribmque
810 1548 873 1608 suis
900 1545 1074 1626 ”didicisse
1103 1556 1138 1609 ut

103 1631 204 1712 mapis
225 1631 340 1710 uirtute,
364 1653 457 1716 quam
478 1629 547 1692 dolo
571 1630 781 1692 contenderent
801 1641 854 1692 aut
874 1631 996 1692 insidiis
1005 1633 1136 1693 niteren-

103 1723 162 1776 tur.
208 1713 372 1792 Quamne
394 1716 599 1795 committeret,
628 1726 662 1777 ut
682 1717 709 1778 is
730 1714 828 1794 locus,
851 1714 906 1777 ubi
927 1716 1135 1796 constitissent,

105 1821 142 1862 ca
164 1799 338 1862 calamitate
353 1800 468 1884 populi
488 1801 626 1862 Romani
648 1810 675 1862 et
695 1801 897 1862 internecione
918 1801 1064 1862 causitus
1081 1822 1135 1863 no·

103 1905 174 1946 men
195 1895 318 1969 caperet
338 1896 392 1947 aut
413 1884 625 1948 l“memoriam
641 1885 795 1969 proderet.

150 1968 198 2032 14.
243 1968 324 2031 ¹His
348 1967 470 2032 Caesar
491 1970 537 2032 ita
557 1967 745 2053 respondit:
780 1968 848 2034 2Εο
875 1970 935 2032 sili
955 1972 1056 2032 minus
1078 1970 1135 2033 du·

104 2053 259 2117 litationis
280 2053 367 2134 dari,
390 2054 473 2140 quod
493 2077 545 2117 eas
566 2077 627 2134 ree,
651 2077 728 2138 quas
750 2054 842 2137 legati
862 2054 994 2119 Heluetii
1008 2077 1134 2117 comme·

102 2148 284 2219 morasseut,
310 2140 459 2201 memoria
481 2148 602 2217 teneret,
627 2150 715 2224 atque
736 2139 790 2200 3σο
809 2141 938 2221 pravius
949 2138 1051 2224 serre,
1075 2162 1134 2226 quo

102 2225 205 2286 minus
240 2224 346 2285 merito
374 2223 488 2308 populi
519 2225 657 2287 Romani
686 2223 879 2286 accidissent:
911 2225 964 2309 qui
996 2224 1043 2286 ⁵si
1075 2225 1134 2286 al'·

103 2310 189 2390 cusin
210 2309 347 2389 injuriae
368 2308 427 2370 sibi
449 2311 585 2371 conscita
596 2309 720 2395 fuisset,
744 2331 806 2370 non
819 2307 920 2394 fuisse
942 2308 1067 2397 difficile
1082 2332 1134 2371 ca·

102 2415 188 2474 oere,·
209 2392 263 2455 sed
287 2391 341 2454 ⁶eo
363 2391 532 2477 deceptum,
556 2393 638 2478 quod
657 2416 753 2478 neque
780 2393 969 2454 commissum
992 2416 1012 2455 a
1033 2418 1064 2457 se
1085 2397 1133 2456 in·

103 2477 257 2559 telliperet,
281 2499 377 2562 qnare
398 2480 525 2557 timeret,
559 2500 655 2563 neque
681 2479 746 2540 sine
774 2500 868 2539 causa
890 2476 1055 2541 timendum
1070 2501 1134 2562 pu-

33 2592 35 2596 ·
103 2571 187 2625 taret.
232 2560 345 2640 ⁷Quod
363 2564 391 2624 si
411 2564 517 2625 ueteris
545 2562 742 2625 contumeliae
769 2562 905 2623 obliuisci
925 2561 1022 2641 uellet,
1060 2586 1134 2626 ruem

102 2649 195 2710 etiam
215 2647 380 2709 recentium
396 2648 597 2728 injuriarum,
621 2647 702 2732 quod
722 2645 776 2708 ⁸eo
798 2647 891 2708 inuito
906 2648 963 2709 iter
978 2670 1040 2730 per
1055 2670 1133 2731 pro·

102 2731 237 2793 vinciam
267 2733 411 2815 pervim
432 2741 603 2810 tentassent,
632 2730 735 2816 lquod
759 2729 920 2810 Haeduos,
950 2732 1033 2816 quod
1057 2734 1133 2795 Am·

103 2816 225 2893 barres,
260 2815 343 2900 prod
372 2815 556 2898 Allrbropas
577 2825 746 2893 errassent,
779 2818 961 2878 memoriam
983 2816 1133 2899 deponere

102 2896 243 2984 ¹⁰posse?
277 2899 367 2977 Quod
392 2923 450 2962 sua
477 2901 606 2962 uictoria
639 2911 702 2962 tam
734 2901 895 2962 insolenter
924 2901 1134 2982 ploriurentur

102 2983 184 3106 lwd
224 3007 240 3046 e
261 2994 324 3046 tam
346 2984 400 3046 diu
420 3008 452 3047 se
473 2986 597 3068 impune
618 2986 751 3065 injurias
773 2985 873 3046 tulisse
888 2984 1130 3065 admirarentur,

117 3007 240 3141 leodini
255 3071 427 3150 pertinere:
449 3068 637 3132 ¹²consuesse
659 3071 739 3131 enim
761 3068 831 3130 deos
856 3069 1048 3148 immortales,
1072 3092 1131 3155 quo

97 3155 226 3235 pravius
247 3152 382 3214 liomines
403 3177 440 3216 eu
462 3156 692 3216 commutatione
712 3175 815 3214 rerum
827 3153 960 3232 doleant,
985 3175 1058 3238 qnos
1068 3176 1131 3237 pro

99 3237 210 3298 scelere
230 3259 335 3299 eorum
355 3237 461 3299 ulcisci
481 3239 585 3316 uelint,
614 3238 662 3300 ln's
688 3238 879 3299 secundiores
911 3238 1062 3301 interdum
1083 3261 1132 3300 res

99 3331 129 3384 et
154 3322 376 3385 diuturniorum
402 3324 613 3404 impunitatem
640 3322 808 3384 concedere.
859 3320 886 3361 ¹³
895 3322 994 3400 Quum
1022 3345 1059 3384 ea
1086 3323 1131 3385 ita

98 3408 173 3484 sint,
207 3417 322 3485 tamen,
356 3407 384 3468 si
406 3406 521 3469 obsides
544 3408 583 3469 ab
605 3409 644 3468 iis
664 3408 724 3469 sibi
745 3407 867 3484 dentur,
900 3409 946 3468 uti
967 3430 1017 3484 ea,
1052 3429 1131 3490 quae

93 3491 316 3574 polliceantur,
330 3490 475 3576 facturos
499 3491 660 3575 intellipat,
691 3502 719 3554 et
738 3494 766 3553 si
793 3489 934 3553 Haeduis
956 3490 982 3528 ¹⁴
990 3490 1027 3552 de
1048 3493 1129 3568 inlu·

98 3577 169 3655 riis,
193 3598 271 3658 quas
292 3577 368 3659 ipsis
389 3577 536 3659 sociisque
563 3598 666 3637 eorum
694 3575 863 3653 intulerint,
892 3575 962 3636 item
989 3577 1017 3637 si
1043 3575 1129 3638 Allo·

99 3659 242 3742 lropibus
262 3658 469 3744 satisfaciant,
499 3682 561 3721 sese
588 3683 656 3722 cum
684 3662 723 3721 iis
750 3681 863 3743 pacem
885 3681 945 3720 esse
957 3658 1127 3744 sacttrrum.

97 3743 216 3807 Divico
239 3742 428 3825 respondit:
451 3742 502 3804 Ito
523 3743 674 3806 Helvetios
696 3767 717 3806 a
737 3744 906 3824 majoribus
926 3747 989 3807 suis
1010 3747 1128 3807 institu-

97 3839 237 3908 teresse,
260 3828 444 3890 utiobsides
466 3830 618 3912 accipere,
652 3850 714 3890 uon
744 3828 821 3891 dare
849 3831 1034 3893 consreemnt:
1066 3832 1129 3912 epus
