2468 4312
444 231 505 273 nus.
527 231 558 273 v.
605 231 673 272 aar.
697 208 833 274 24-28.
1092 212 1134 278 83

103 383 188 447 quae
211 361 254 425 de
274 384 312 425 re
334 364 496 426 communi
519 362 629 426 dicere
652 363 782 436 vellent,
808 364 927 446 quibus
939 365 1040 428 rebus
1057 386 1134 428 con-

100 450 284 511 troversias
308 448 406 511 minui
429 470 531 531 posse
555 458 734 532 sperarent.

146 532 197 597 27.
241 533 383 596 Mittitur
405 533 448 596 ad
473 555 530 595 ens
554 533 767 615 colloquendi
783 555 884 596 eausa
900 532 933 596 C.
946 534 1134 619 Arpinejus-‚

102 639 206 702 eques
229 618 407 692 Romanus
429 618 596 681 familiaris
621 616 659 696 Q.
683 617 810 692 Titurii,
835 628 868 682 et
891 617 929 697 Q,
952 618 1070 683 lunius
1093 643 1135 683 ex

100 704 264 788 Hispania
292 704 435 788 qnidam,
470 704 526 786 qui
554 704 623 788 jam
658 712 733 766 aute
766 706 869 767 missu
904 704 1055 768 Caesaris
1090 706 1134 769 ad

101 789 325 874 Ambiorigem
347 791 508 852 ventitare
531 798 722 857 corisuerat:
746 788 835 873 apud
859 811 943 872 quos
962 791 1134 854 Ambiorix

101 875 146 939 ad
168 874 256 938 hune
278 874 413 937 modum
436 875 568 937 locutus
593 885 657 936 est:
692 874 764 938 Sese
786 897 849 959 pro
880 876 1021 939 Caesaris
1049 879 1082 938 iu
1103 900 1135 940 se

101 961 253 1050 beneficiis
269 960 444 1044 plurimum
465 963 494 1022 ei
515 961 651 1048 confiteri
683 961 796 1039 debere,
830 961 912 1046 quad
943 964 1005 1042 ejm
1038 984 1134 1047 opera

100 1045 253 1130 stipendio
275 1046 421 1109 liberatus
443 1056 521 1125 esset,
545 1045 627 1130 quod
647 1045 818 1109 Aduatucis
829 1048 1133 1134 finitimissuispeu·

101 1131 174 1194 dere
195 1142 376 1212 coruuesset5
403 1131 561 1216 ²quodque
589 1132 617 1192 ei
649 1141 677 1192 ct
698 1131 788 1216 filius
810 1143 837 1193 et
848 1132 966 1218 fratris
978 1133 1068 1220 filias
1094 1133 1134 1195 ab

104 1217 236 1280 Caesare
267 1218 387 1279 remissi
419 1227 519 1294 esseut,
554 1238 628 1300 quos
659 1218 815 1278 Aduatuci
846 1218 983 1279 absidum
1008 1239 1135 1280 urimero

101 1305 208 1365 missos
230 1301 318 1385 apud
337 1325 369 1363 se
390 1303 424 1364 iu
445 1303 585 1364 seruitute
607 1312 634 1363 et
655 1303 954 1383 catmistenuisseut5
975 1326 1070 1386 aeque
1092 1303 1133 1382 id,

101 1387 185 1474 qaod
196 1387 310 1473 fecerit
329 1387 366 1449 de
388 1389 616 1470 opprcyuaticae
638 1398 814 1465 castrorum,
849 1399 904 1450 aut
925 1389 1047 1470 judicic
1081 1398 1136 1451 aut

100 1473 254 1536 uoluntate
275 1496 333 1534 ma
345 1473 465 1558 fecisse,
488 1472 542 1534 sed
562 1484 667 1535 coactu
690 1474 835 1553 ciuitatis;
856 1495 1042 1558 suaqu-eesse
1057 1477 1134 1554 ejas-

101 1558 186 1621 mcdi
207 1559 349 1640 imperia,
372 1569 405 1620 ut
426 1579 488 1618 ucri
509 1559 611 1619 miuus
627 1557 750 1620 liaberet
761 1559 846 1638 juris
868 1561 901 1620 iu
922 1582 953 1621 se
974 1558 1133 1621 multitudo

144 1667 196 1706 am
229 1645 294 1727 ipse
326 1645 360 1705 iu
380 1643 610 1705 multitudinem.
656 1642 799 1705 ³Cicitati
814 1665 913 1726 porro
939 1643 1021 1706 lanc
1032 1642 1134 1728 fuisse

102 1667 174 1793 lilla·
196 1751 329 1808 caenam,
353 1728 436 1814 arcad
455 1730 633 1812 repentinae
656 1728 818 1790 Gallorum
841 1731 1045 1808 caarirratiaai
1059 1732 1134 1792 resi·

101 1825 178 1878 stere
199 1836 261 1876 unu
277 1815 421 1898 patuerit.
465 1814 528 1876 ⁴Icl
546 1837 578 1875 se
590 1813 691 1898 facile
718 1837 756 1876 ea
783 1814 950 1876 luatilitate
977 1835 1132 1898 sua-prc-

103 1901 178 1964 bare
204 1921 303 1983 posse,
337 1898 419 1984 qercd
450 1921 511 1961 uon
545 1899 621 1962 adeo
643 1901 683 1961 sit
702 1900 861 1982 imperitus
882 1922 993 1978 rerum,
1016 1911 1050 1962 ut
1070 1901 1134 1962 sais

104 1987 201 2070 copiis
217 1985 371 2069 papalum
403 1986 580 2048 Romanum
611 1985 755 2068 seperari
778 2006 868 2067 passe
900 1985 1048 2073 confidam
1080 1985 1134 2047 sed

102 2094 165 2134 esse
188 2069 313 2134 Galliae
335 2092 490 2132 commuue
512 2069 687 2132 consilium:
709 2071 847 2132 omuibus
863 2070 1132 2134 hibernis·Caesae

103 2158 148 2218 ris
170 2155 387 2239 cpperynaudis
408 2155 488 2217 laum
510 2179 571 2217 esse
592 2156 704 2217 dictum
726 2155 814 2223 diem.
842 2178 880 2216 ue
901 2178 964 2240 qua
985 2156 1062 2238 leqio
1086 2156 1132 2219 al-

103 2251 187 2304 terae
218 2241 330 2322 leaioui
361 2241 494 2302 subsidio
527 2241 630 2301 uenire
649 2250 757 2324 posset.
812 2241 887 2302 Noa
900 2240 1000 2326 facile
1025 2240 1133 2303 Gallos

105 2325 208 2391 Gallis
228 2348 341 2408 ueqare
357 2328 500 2409 putruisse,
525 2327 710 2408 pracsertim
737 2348 830 2410 quum
859 2325 896 2386 de
917 2326 1132 2408 recuperamla

101 2413 256 2475 communi
288 2410 424 2473 libertate
456 2411 616 2472 caiatiam
648 2412 757 2472 irritum
784 2411 944 2472 uideretur.
997 2411 1133 2487 ⁵Quibus

100 2499 248 2585 quoniam
264 2518 327 2580 pro
346 2498 460 2579 pietate
481 2496 665 2581 satisfecerit,
690 2495 800 2557 babere
821 2518 852 2556 se
873 2518 955 2557 rurrrc
982 2497 1132 2558 rationem

101 2582 198 2671 officii
214 2605 277 2667 pro
300 2583 450 2670 beneficiis
474 2582 631 2643 Caesaris:
652 2603 780 2659 mamre,
804 2602 896 2642 orare
911 2582 940 2643 T
936 2582 1063 2643 iturium
1069 2604 1131 2664 pro

99 2668 238 2752 bospitio,
271 2679 305 2730 at
335 2691 409 2729 suae
442 2689 480 2730 ac
500 2667 631 2729 militum
661 2666 753 2728 saluti
781 2665 924 2728 cumulat.
979 2667 1132 2750 Macram

99 2777 228 2817 marcum
252 2752 478 2815 Germanarum
501 2752 680 2814 conductam
704 2750 842 2814 Rlceuum
864 2753 1024 2834 transisse;
1052 2751 1133 2815 lanc

101 2841 199 2927 affore
225 2838 323 2900 biduo.
369 2836 533 2921 ⁰Ipsarum
566 2859 626 2898 esse
659 2837 832 2915 consilium,
865 2837 995 2899 cellulae
1023 2840 1130 2921 prius,

100 2947 194 3011 quam
206 2925 337 3010 finitimi
358 2925 495 3001 seretiaat,
529 2922 648 2984 eductas
670 2945 707 2983 ear
728 2920 863 2983 hibernis
884 2923 992 2985 milites
1014 2924 1134 2987 autad

102 3009 277 3074 Ciceronem
298 3020 353 3071 arrt
374 3009 418 3070 ad
438 3009 611 3071 Labienum
634 3007 786 3085 deducere,
810 3029 938 3091 quaerum
955 3008 1032 3070 aller
1041 3010 1154 3073 milia·

95 3117 249 3180 passuum
271 3096 390 3156 circiter
412 3095 642 3179 quinquaqinta,
667 3091 744 3153 alter
759 3091 859 3174 paulo
882 3094 1017 3176 amplius
1039 3095 1078 3157 ab
1094 3096 1133 3158 iis

101 3180 186 3243 absit.
231 3179 316 3243 Illud
336 3203 367 3241 se
383 3180 528 3262 polliceri
549 3189 577 3240 et
589 3176 797 3259 jurejurando
823 3178 1013 3265 confirmare,
1036 3188 1132 3241 bitrem

100 3266 158 3327 iter
173 3287 235 3349 per
247 3266 330 3353 fines
351 3265 512 3326 daturum:
534 3262 615 3348 qrccd
636 3284 728 3346 qrram
740 3260 853 3346 faciat,
877 3273 905 3324 et
925 3265 1040 3325 ciuitati
1071 3287 1133 3328 sese

101 3351 261 3429 corasrclere,
285 3350 521 3434 quartilianis
542 3349 661 3425 leuctra,
685 3358 713 3409 et
735 3349 862 3409 Caesari
866 3369 930 3430 pra
942 3350 1004 3428 ejus
1017 3351 1143 3417 meritis*

96 3437 234 3520 aratam
256 3435 377 3521 referre.
408 3434 480 3496 Hac
499 3433 648 3496 oratione
665 3431 778 3494 habita
798 3431 940 3494 discedit
952 3433 1130 3496 Ambiorix.

144 3519 193 3584 28.
238 3521 416 3603 Arpinejus
450 3528 483 3583 et
514 3517 647 3587 «Iunius,
682 3537 766 3600 qnae
794 3515 983 3589 audieruut,
1014 3517 1057 3580 ad
1087 3518 1132 3579 le·

143 3613 197 3667 tos
221 3603 381 3668 deferunt.
425 3604 477 3667 Illi
498 3602 667 3687 repentina
702 3622 739 3664 re
767 3601 958 3684 perturbati,
993 3603 1056 3664 etsi
1089 3605 1130 3666 ab

99 3625 198 3755 {bete
222 3690 485 3762 cantabantur,
518 3696 626 3751 tamen
659 3707 726 3748 nou
748 3685 944 3770 negligenda
967 3688 1131 3750 existima-

99 3775 189 3849 bant„
212 3776 418 3859 maximeque
439 3773 503 3836 hac
524 3794 561 3836 re
584 3771 867 3855 permovebantur‚
901 3770 994 3852 quod
1019 3773 1131 3836 civita-

99 3868 166 3924 tem
188 3860 365 3945 ignobilem
398 3867 498 3943 atque
530 3856 686 3920 humilem
710 3853 904 3918 Eburonum
928 3876 988 3918 sua
1011 3866 1131 3942 sponte
