2468 4312
470 253 530 295 nm.
553 253 610 297 mr.
633 253 702 297 car.
729 233 817 297 1-4.
1074 235 1134 322 117

97 392 271 470 praestare
293 384 430 449 interfici
454 407 553 469 quam
576 409 642 450 non
665 396 809 451 veterem
835 387 914 453 belli
936 388 1074 474 gloriam
1097 389 1134 453 li·

98 471 338 555 bertatemque,
362 492 459 553 quam
483 472 700 556 amajoribus
713 472 907 556 acceperint,
929 495 1134 558 recuperare.

145 554 175 619 2.
220 554 282 619 His
303 557 404 619 rebus
428 556 559 639 agitatis
581 559 780 640 profitentur
802 555 971 633 Carnutes,
1003 583 1035 621 se
1066 560 1135 623 eecl-

100 641 164 704 lum
182 642 359 724 periculam
379 643 547 704 omnesones
567 643 675 705 solutis
697 665 793 707 cerna
814 664 964 717 recreare,
997 643 1008 681 ¹
1012 646 1135 728 princi-

94 748 213 813 pesque
234 749 272 788 en
292 727 432 789 omnibns
454 727 563 789 dellens
575 728 721 812 facturos
756 727 968 811 pollicentur,
991 740 1020 791 et
1040 751 1135 814 patoe-

100 812 169 877 tom
200 813 235 875 iu
262 815 442 895 praesentio
464 813 618 875 obsidibus
642 835 749 875 eoem
776 814 855 875 inter
875 836 908 876 se
928 835 990 877 non
1007 816 1134 897 potenti,

100 920 143 961 ne
163 919 212 958 res
232 897 386 984 efferate,
423 908 457 960 ut
468 898 677 979 sbreyitrmtdo
700 919 739 961 ac
750 897 818 986 fide
838 900 998 962 eeamioter
1019 907 1136 982 petunt

100 981 223 1045 cellatis
243 982 546 1066 militaribusque
570 1018 607 1031 -
632 982 721 1066 ²qu0
744 1003 835 1045 more
868 1005 982 1046 eorum
1010 983 1136 1067 gravis·

102 1068 188 1130 sima
210 1067 407 1129 caerimonia
428 1067 613 1131 continetur
638 1102 674 1115 -
699 1091 738 1129 ne
749 1067 839 1152 facte
872 1070 960 1131 initio
994 1068 1063 1131 belli
1097 1068 1136 1131 ab

101 1153 232 1238 reliquis
251 1152 439 1215 damonae.
484 1150 571 1215 Tum
598 1152 798 1215 collaudatis
828 1152 1025 1217 Carnutibus
1055 1153 1134 1216 dato

98 1236 319 1323 jurejurando
352 1238 394 1301 ab
418 1237 578 1310 omnibus,
612 1237 668 1320 qui
701 1237 848 1313 aderant,
881 1246 1030 1321 tempore
1064 1239 1135 1323 ejus

102 1323 153 1387 rei
176 1322 358 1385 constituto
380 1322 422 1385 ab
445 1322 587 1385 concilio
610 1322 801 1387 disceditur.

149 1407 178 1471 3.
223 1405 289 1471 Ubi
311 1428 351 1470 ea
372 1406 444 1470 dies
466 1408 564 1482 veuit,
587 1407 747 1473 Carnutes
775 1406 917 1471 Cotuato
940 1416 973 1471 et
995 1406 1137 1471 Coneto·

105 1491 221 1556 dunno
244 1492 394 1566 ducibus,
418 1492 603 1575 desperatis
627 1492 823 1568 homiuibus,
847 1492 1017 1557 Genabum
1041 1493 1136 1577 signo

106 1577 187 1641 dato
211 1586 411 1643 concurrunt
443 1578 600 1661 civesque
634 1577 810 1649 Romanos,
840 1577 915 1661 lqui
947 1576 1137 1662 negotiandi

106 1683 208 1726 causa
230 1663 275 1726 ibi
297 1663 522 1735 constiterant,
545 1664 577 1725 in
600 1663 653 1726 his
676 1661 711 1726 C.
733 1661 861 1725 Fufium
891 1662 1003 1736 Citam,
1036 1662 1139 1724 hone·

106 1756 196 1810 stum
218 1748 362 1833 equitem
384 1747 577 1821 Romanum,
606 1748 663 1830 qui
696 1748 742 1810 rei
778 1745 1009 1810 frumentariae
1038 1746 1140 1830 jussu

106 1832 258 1896 Caesaris
282 1841 449 1916 praeerat
464 1833 664 1897 interficiunt
673 1834 827 1915 bonaque
840 1854 953 1896 eorum
971 1832 1138 1915 diripiunt.

106 1917 265 1981 Celeriter
287 1918 329 1981 ad
364 1939 478 1981 omnes
513 1917 640 1981 Galliae
673 1917 823 1981 civitates
849 1917 936 1981 fama
959 1916 1138 2002 perferturt

107 2024 182 2069 nam
205 2004 403 2086 ubicumque
425 2003 531 2087 major
542 2012 641 2086 atque
652 2003 814 2067 illustrior
831 2003 946 2068 incidit
967 2024 1030 2075 res,
1053 2002 1139 2064 ²ela·

106 2107 200 2151 more
221 2109 282 2172 per
304 2110 403 2173 agros
426 2091 645 2172 regionesque
657 2088 856 2172 significatum
878 2089 967 2153 hunc
979 2088 1031 2151 alii
1049 2086 1140 2149 dein·

107 2194 188 2257 eeps
212 2173 380 2257 excipiunt
401 2183 435 2237 et
456 2168 616 2258 proximis
649 2173 799 2247 tradente
831 2183 870 2237 ut
903 2184 971 2237 tum
1004 2171 1138 2235 accidit:

106 2278 192 2331 nem,
215 2279 301 2342 quae
323 2258 450 2322 Genabi
472 2259 598 2322 oriente
621 2259 693 2322 sole
715 2268 810 2342 gesta
833 2269 954 2332 esseut,
977 2266 1052 2320 ante
1075 2256 1140 2340 pri·

106 2364 194 2408 mam
216 2342 398 2407 confectam
421 2344 563 2428 vigiliam
584 2345 619 2407 in
641 2343 760 2407 finibus
783 2344 1007 2407 Arvernorum
1029 2340 1141 2405 audita

103 2437 198 2503 sunt,
221 2428 313 2511 quod
336 2430 478 2512 spatium
502 2437 554 2491 est
574 2429 696 2493 milium
720 2449 878 2512 passuum
901 2428 1030 2491 circiter
1048 2448 1118 2507 unx.

103 2560 107 2565 -
152 2513 182 2577 4.
226 2513 330 2578 Simili
357 2515 483 2577 rat-ione
516 2515 562 2577 ibi
594 2513 856 2597 Vercingetorix.
890 2512 1011 2575 Celtilli
1042 2510 1140 2583 filine,

108 2598 288 2674 Arvernus,
312 2620 458 2663 summae
481 2599 646 2683 potentiae
668 2599 866 2661 adolescens
892 2634 928 2645 -
955 2596 1051 2681 cujus
1084 2618 1141 2680 pa·

108 2692 162 2747 ter
183 2684 402 2767 principatum
435 2683 563 2747 Galliae
595 2684 697 2747 totius
732 2684 919 2747 obtinuerat
948 2691 982 2745 et
1004 2683 1047 2746 ob
1071 2703 1142 2744 eam

110 2790 253 2841 causam,
277 2767 370 2852 quod
391 2790 528 2854 regnum
550 2769 738 2853 appetebat,
760 2770 803 2833 ab
825 2769 959 2831 civitate
991 2776 1062 2831 erat
1094 2767 1142 2828 in-

108 2853 268 2917 terfectus
291 2890 335 2904 -
356 2855 570 2917 ²convocatis
592 2855 662 2917 suis
685 2854 861 2917 clientibus
875 2851 973 2917 facile
988 2851 1141 2916 incendit.

104 2937 252 3024 Cognito
275 2940 348 3023 ejus
371 2939 511 3003 consilio
533 2937 578 3002 ad
599 2960 689 3003 arma
714 2940 930 3003 concurritur.
983 2937 1143 3001 Prohibe·

109 3033 165 3087 tur
187 3025 229 3088 ab
253 3022 505 3095 Gobannitione
527 3034 647 3109 patrem
669 3045 742 3097 suo,
764 3023 969 3108 reliquisque
989 3022 1143 3106 principi-

109 3109 183 3182 bus,
206 3110 263 3207 qui
286 3108 371 3172 hanc
393 3109 583 3172 tentandam
604 3108 770 3172 fortunam
803 3130 870 3173 non
903 3108 1143 3180 existimabant,

96 3195 287 3278 expellitur
310 3216 352 3257 ex
372 3193 500 3278 oppido
522 3193 704 3279 Gergovia3
727 3215 795 3259 non
817 3193 945 3259 destitit
966 3202 1076 3256 tamen
1096 3202 1144 3254 at·

134 3300 178 3342 ue
198 3280 232 3342 in
253 3279 342 3364 agris
364 3279 468 3343 habet
487 3279 644 3343 dilectum
671 3279 834 3363 egentium
861 3301 901 3343 ec
929 3277 1143 3362 perditorum.

109 3300 184 3427 illae
206 3376 323 3427 coacta
356 3384 462 3439 manu
495 3385 726 3448 quoscumque
756 3363 828 3429 adit
861 3387 904 3429 ex
936 3363 1078 3435 civitate,
1101 3360 1145 3424 ad

111 3470 205 3512 suam
229 3449 424 3513 sententiam
446 3449 613 3533 perducit3
636 3449 798 3522 hortatur,
831 3459 869 3512 ut
902 3447 1083 3512 communis
1107 3446 1144 3509 li·

111 3534 250 3599 bertatis
272 3556 376 3598 causa
397 3554 488 3599 erana
508 3535 649 3618 capiant
672 3557 705 3597 m
748 3534 866 3618 nisque
887 3533 1012 3596 coactis
1038 3531 1144 3615 copiis

110 3619 323 3687 adversarios
351 3640 442 3695 suos,
463 3641 485 3683 a
531 3619 628 3684 uibus
662 3640 727 3703 pau
741 3640 763 3682 o
796 3628 872 3683 ante
905 3625 976 3681 erat
1008 3617 1145 3681 e'ectus,

110 3705 249 3788 expellit
271 3726 312 3769 ex
335 3705 476 3769 civitate
506 3642 593 3769 lter
615 3705 658 3768 ab
680 3704 750 3768 suis
784 3703 980 3788 appellatur,
1039 3703 1146 3766 'mittit

111 3810 387 3875 quoqueversus
420 3790 614 3874 legationes,
648 3790 844 3864 obtestetur,
876 3807 915 3853 ut
934 3788 969 3851 in
990 3788 1057 3853 lide
1079 3809 1146 3852 ma·

111 3884 220 3941 neunt
264 3873 424 3947 Celeriter
445 3875 509 3941 eibi
529 3875 692 3953 Senones,
714 3873 871 3951 Parisios,
896 3873 1061 3956 Pictones,
1085 3873 1146 3939 ca-
