2468 4312
105 225 166 292 130
472 247 514 288 ns
536 246 617 289 oneo
640 245 778 289 comeo

103 381 196 466 cujus
219 389 312 465 peter
334 380 376 442 ab
399 392 513 442 senatu
536 385 651 442 nostro
674 379 796 443 amicus
826 387 895 443 erat
927 378 1127 465 appellatus.-

103 489 176 531 cum
199 487 315 551 magno
338 465 482 548 equitum
504 486 638 528 suorum
654 486 789 528 numero
812 476 846 528 et
868 487 952 549 quos
969 486 1012 529 ex
1022 465 1128 551 Aqui,-

101 553 189 616 tania
210 551 414 615 conduxerat
436 549 479 612 ad
502 571 574 613 eum
596 551 753 634 pervenit

144 637 193 701 32.
249 637 369 699 Caesar
405 635 534 698 Avarici
571 635 755 719 complures
794 633 866 698 dies
903 646 1127 700 commoratus

102 743 324 805 summamque
347 721 392 784 ibi
413 721 539 805 copiam
561 719 713 783 frumenti
737 729 769 784 et
790 722 905 805 reliqui
922 731 1126 785 commeatus

102 817 217 872 nactus
241 807 417 870 exercitum
439 827 481 869 ex
502 806 615 869 labore
635 813 733 889 atque
755 807 865 891 iuopia
887 806 1007 870 reiecit.
1052 807 1128 870 lam

101 914 205 979 prope
228 892 332 955 hieme
354 890 504 955 confecta
526 913 624 975 quum
647 892 721 976 ipso
744 893 819 955 anni
841 901 988 977 tempore
1011 892 1054 955 sd
1069 914 1127 978 ge·

101 978 237 1042 rendum
259 977 381 1041 bellum
404 986 577 1041 vocaretur
600 986 632 1040 et
654 976 697 1040 ad
719 976 848 1040 hostem
864 978 1030 1061 proficisci
1046 1000 1128 1042 con·

102 1064 272 1136 stituissct‚
295 1063 364 1125 sive
387 1084 460 1125 eum
483 1084 524 1126 ex
546 1062 722 1147 paludibus
746 1063 905 1146 silvisque
920 1062 1037 1126 elicere
1053 1065 1127 1127 sive

103 1148 274 1212 obsidione
306 1170 451 1233 premere
484 1155 609 1232 posset,
644 1148 741 1233 legati
775 1147 817 1212 ad
852 1169 923 1211 euru
958 1149 1125 1234 principes

102 1233 313 1297 Haeduorum
336 1234 470 1296 veniunt
492 1241 627 1303 oretum,
650 1243 684 1296 ut
703 1235 836 1297 mamone
856 1236 1024 1298 cocomario
1052 1248 1126 1298 tem-

97 1343 176 1406 pore
197 1321 310 1382 civitati
330 1319 501 1382 sribcenial:
521 1341 636 1381 samnio
659 1342 719 1381 esse
739 1320 773 1381 ia
789 1320 928 1404 periculo
939 1344 1011 1400 reni,
1035 1321 1125 1406 meod,

102 1428 193 1492 wem
214 1406 326 1489 sispali
346 1407 540 1487 mapistralos
562 1405 726 1490 antiquitas
754 1407 855 1468 creari
887 1416 975 1491 alpem
1006 1409 1127 1489 replum

97 1491 271 1577 potestatem
293 1513 408 1554 annam
430 1490 561 1553 oblinere
596 1501 786 1570 eoamesseat,
820 1491 880 1552 dno
911 1493 1127 1575 mapistralam

98 1587 209 1662 perard
239 1587 267 1639 et
285 1600 316 1640 se
337 1587 460 1662 uterque
491 1597 594 1638 eorum
626 1575 739 1658 lepidos
772 1586 906 1638 creatum
939 1600 999 1640 esse
1031 1578 1125 1641 dicat.

101 1663 221 1726 Horam
243 1685 303 1725 esse
325 1663 452 1725 aderam
469 1660 733 1739 Conuictolitauem,
748 1660 908 1748 florentem
931 1673 958 1724 et
977 1663 1126 1727 illustrem

102 1749 322 1828 adolescentem,
346 1747 473 1810 allenem
496 1747 607 1824 Cotum,
631 1747 840 1832 antiquissima
853 1748 984 1834 familia
1017 1759 1126 1812 nalum

102 1846 190 1919 alque
210 1836 311 1918 ipsam
332 1833 482 1895 lamisem
502 1855 637 1895 summae
652 1833 807 1916 polaniae
818 1844 845 1895 el
857 1855 990 1917 mapaae
1010 1857 1125 1918 capca-

101 1920 199 1989 tione,
222 1922 307 2001 capiis
319 1919 425 2005 frater
446 1918 615 1981 Valetiacus
631 1919 777 2001 prosim
789 1941 871 1981 anno
883 1920 1009 1982 academ
1023 1922 1125 2005 mapi-

101 2015 227 2068 slralam
245 2005 375 2088 passerit.
422 2003 574 2067 Oiniadai
596 2026 657 2066 esse
678 2024 795 2066 emnem
811 2005 845 2066 ia
867 2007 969 2086 armis,
993 2006 1127 2069 divisam

101 2100 244 2158 senariam,
267 2089 396 2152 divisum
411 2089 580 2173 pepclcm;
610 2111 682 2152 suas
714 2090 854 2175 cujusque
878 2112 982 2153 eoram
1004 2092 1125 2155 cliente·

102 2175 156 2238 las.
202 2176 337 2254 Quodsi
357 2175 469 2238 diutius
491 2175 594 2238 alatur
621 2176 830 2254 coabcvemia,
855 2176 936 2261 sore,
970 2178 1015 2239 cti
1040 2201 1126 2262 pars

102 2284 170 2324 aim
186 2272 279 2346 parte
303 2262 430 2324 civitatis
452 2259 609 2348 conflr'pal3
641 2260 676 2322 ld
706 2283 744 2322 ne
766 2262 891 2335 accidat,
919 2264 1057 2346 positam
1089 2265 1125 2326 ia

101 2350 164 2430 ejus
185 2348 341 2431 dilipeale'a
363 2357 451 2432 alque
473 2347 655 2409 auctoritate.

143 2432 193 2496 33.
238 2432 366 2506 Caesar,
390 2431 451 2495 etsi
474 2452 493 2494 a
514 2430 602 2494 bello
625 2439 723 2514 atque
748 2429 847 2494 hoste
871 2430 1042 2496 discedere
1066 2432 1124 2497 de·

100 2517 326 2582 trimeutosum
360 2539 434 2581 esse
467 2516 680 2589 existimabat,
717 2524 824 2579 tamen
857 2538 923 2579 non
956 2518 1123 2602 ignorans,

102 2615 222 2685 quanta
245 2626 287 2667 ex
309 2602 570 2666 dissensionibus
587 2601 793 2665 incommoda
805 2602 881 2664 oriri
894 2613 1123 2680 consuessent

100 2696 253 2751 notante
281 2696 411 2752 ettam
447 2687 622 2772 conjuncta
655 2687 778 2771 populo
811 2687 961 2750 Romano
995 2690 1123 2766 civitas,

101 2773 217 2856 ¹quam
239 2774 312 2857 ipse
334 2794 464 2857 semper
486 2773 623 2835 aluisset
645 2772 860 2854 omnibusque
882 2774 982 2836 rebus
1006 2795 1124 2838 ornas·

101 2867 161 2932 set,
179 2857 244 2937 '²ad
269 2860 334 2921 vim
356 2868 455 2943 atque
478 2879 566 2920 arma
589 2857 811 2931 descenderet,
844 2867 943 2941 atque
972 2880 1010 2922 ea
1032 2882 1123 2944 pars,

101 2944 311 3028 quaeminus
335 2943 523 3018 confideret,
546 2943 666 3006 auxilia
687 2964 707 3005 a
731 2943 996 3030 Vercingetorige
1012 2967 1124 3009 arces·

100 3038 195 3104 seret,
218 3029 362 3093 hoiensi
384 3028 655 3113 praevertendum
678 3027 873 3091 existimavit
897 3040 937 3104 et,
961 3030 1053 3113 quod
1077 3032 1123 3095 lc·

98 3115 194 3200 gibus
217 3114 429 3178 Haeduorum
452 3115 513 3186 his,
536 3114 591 3197 qui
614 3135 772 3176 summum
795 3115 1020 3199 magistratum
1036 3117 1123 3180 obti-

98 3212 221 3272 nerent,
245 3200 403 3264 excedere
426 3223 467 3264 ex
488 3199 607 3264 finibus
640 3220 705 3262 non
739 3199 857 3272 liceret,
891 3221 933 3262 ne
967 3201 1048 3283 quid
1078 3201 1122 3265 de

94 3287 169 3372 jure
192 3294 248 3350 aut
270 3285 322 3351 de.
335 3286 460 3372 legibus
483 3306 596 3348 eorum
618 3283 816 3347 deminuisse
837 3283 1012 3358 videretur,
1046 3287 1123 3371 ipse

98 3373 131 3436 in
153 3371 310 3436 Haeduos
331 3371 503 3456 >proficisci
535 3369 649 3433 statuit
681 3378 892 3452 senatumque
926 3390 1053 3434 omnem
1088 3383 1123 3436 et

100 3478 183 3541 quos
206 3458 289 3520 inter
311 3455 535 3521 controversia
557 3464 648 3518 esset
669 3453 712 3517 ad
735 3475 772 3517 se
799 3454 966 3517 Decetiam
1002 3477 1123 3520 evoca·

98 3543 152 3607 rit
198 3541 305 3622 Quum
329 3563 432 3629 prope
455 3541 559 3605 omnis
582 3539 697 3603 civitas
721 3560 759 3602 eo
783 3540 1000 3613 convenisset,
1039 3541 1123 3606 ³do·

99 3636 290 3712 cereturque
313 3629 426 3714 paucis
448 3626 532 3691 clem
554 3624 743 3689 convocatis
766 3624 831 3686 alio
853 3623 938 3697 loco,
961 3625 1026 3688 alio
1039 3635 1122 3700 teme

98 3734 188 3795 pore,
210 3720 308 3797 atque
331 3712 521 3798 oportuerit,
553 3709 685 3774 fratrem
717 3730 737 3772 a
763 3707 863 3771 fratre
885 3711 1122 3785 renunciatum,

100 3813 199 3878 quum
219 3799 309 3898 leges
333 3799 399 3863 duo
422 3819 463 3862 ex
484 3818 549 3861 una
569 3793 690 3858 familia
712 3794 787 3856 vivo
811 3804 952 3878 utroque
975 3818 1042 3860 nou
1065 3821 1122 3862 so·

99 3880 164 3944 lum
180 3893 393 3968 <magistratus
416 3881 519 3947 creari
541 3877 781 3954 vetarentssed
803 3879 899 3940 etiam
932 3880 965 3943 in
994 3898 1122 3949 'senatu
