2468 4312
123 223 184 290 106
469 242 512 286 os
534 243 637 286 arcuo
660 243 798 287 caruca

120 376 231 452 malia3
252 377 314 440 ⁴ac
336 375 437 461 paulo
455 397 557 461 supra
567 375 653 439 hanc
665 378 851 440 memoriam
863 377 951 441 servi
963 383 996 441 et
1007 377 1155 451 clientes„

121 484 207 548 quos
231 463 272 524 ab
295 462 347 525 his
371 461 511 526 dilectos
535 483 610 524 esse
633 464 816 538 constabat,
838 462 955 548 ⁶justis
983 461 1156 527 funeribus

123 546 283 613 confectis
305 569 372 610 una.
393 546 629 610 cremabantur.

164 665 215 730 20.
261 662 375 744 ¹Quac
397 664 546 727 civitates
569 662 774 728 commodius
798 686 890 728 suam
907 664 1155 750 rempublicam

120 749 349 815 administrare
372 749 607 824 existimantur,
630 748 774 814 ²habent
795 748 923 836 legibus
947 755 1105 832 sanctum,
1123 751 1155 815 si

121 837 196 920 quis
220 834 301 920 quid
324 834 366 898 de
388 856 424 898 re
446 833 580 920 publica
601 855 620 896 a
641 833 785 897 finitimis
813 857 944 899 rumore
976 844 1034 900 aut
1066 834 1155 900 fama

120 921 299 1005 acceperit,
321 919 369 983 uti
392 918 436 982 ad
457 919 682 1004 magistratum
705 918 833 983 deferat
860 942 943 984 neve
976 943 1050 985 cum
1083 942 1153 1006 quo

119 1007 185 1070 alio
208 1005 433 1080 communicet,
456 1002 546 1088 quod
571 1025 671 1089 saepe
687 1004 837 1089 homines
849 1007 1039 1070 temerarios
1052 1014 1155 1090 atque

118 1091 288 1176 imperitos
311 1089 405 1153 falsis
428 1090 616 1153 rumoribus
645 1090 759 1153 terreri
794 1099 827 1154 et
858 1090 902 1154 ad
934 1090 1060 1155 facinus
1093 1091 1154 1154 im·

118 1177 198 1262 pelli
216 1185 249 1240 et
272 1175 314 1238 de
336 1174 470 1238 summis
493 1175 594 1239 rebus
629 1176 800 1239 consilium
833 1197 951 1240 caere
985 1177 1154 1262 cognitum

120 1269 180 1327 est.
223 1261 448 1346 Magistratus,
472 1281 555 1344 quae
577 1260 649 1323 visa
672 1269 759 1330 sunt.
792 1199 967 1337 occultant,
1001 1283 1153 1347 quaeque

122 1368 198 1411 esse
221 1369 261 1410 ex
286 1368 349 1408 usu
366 1343 613 1432 judicaverunt,
636 1345 836 1409 multitudini
846 1346 1003 1431 produnt.
1032 1346 1153 1411 ³Dere

121 1430 254 1517 publica
276 1431 338 1493 nisi
362 1452 422 1515 per
444 1429 617 1493 concilium
639 1430 731 1515 loqui
753 1453 820 1494 non
842 1430 1043 1496 conceditur.

165 1548 215 1613 21.
262 1547 415 1612 Germani
437 1548 573 1612 multum
597 1550 638 1613 ab
660 1548 975 1614 hacconsuetudine
988 1549 1152 1614 differunt

119 1634 224 1700 ¹Nam
244 1656 352 1718 neque
375 1633 511 1697 druides
533 1634 665 1708 habent,
684 1635 740 1718 qui
750 1637 851 1699 rebus
864 1635 983 1698 divinis
995 1636 1152 1718 praesint,

119 1741 227 1803 nequa
251 1719 419 1783 sacrificiis
442 1719 587 1783 student.
630 1719 796 1785 ²Deorum
818 1743 955 1785 numero
977 1741 1036 1783 eos
1055 1720 1152 1785 solos

119 1805 253 1880 ducunt,
276 1826 362 1888 quos
385 1813 523 1868 cernunt
546 1812 580 1868 et
600 1826 740 1888 quorum
763 1817 876 1889 aperte
898 1805 1018 1889 opibus
1031 1805 1152 1891 juvan-

119 1901 182 1964 tur,
206 1889 319 1954 Solem
341 1897 374 1952 et
398 1889 581 1953 Vulcanum
604 1900 637 1953 et
658 1890 800 1965 Lunam;
822 1891 970 1975 reliquos
993 1912 1035 1954 ne
1062 1890 1153 1955 fama

118 1973 250 2059 quidem
274 1984 478 2072 acceperunt.
501 1974 581 2038 Vita
603 1976 709 2039 omnis
731 1976 765 2039 in
787 1976 1016 2039 venationibus
1050 1985 1151 2060 atquc

117 2061 151 2124 in
175 2058 294 2123 studiis
316 2081 364 2122 rer
387 2060 533 2123 militaris
556 2062 724 2135 consistit;
747 2062 788 2125 ab
812 2061 959 2145 parvulis
981 2060 1089 2125 labori
1111 2083 1152 2126 ac

118 2145 258 2208 duritiae
281 2144 425 2208 student.
469 2144 556 2224 ³Qui
578 2145 761 2209 diutissime
782 2147 970 2230 impuberes
999 2169 1150 2295 plerman·

119 2239 242 2305 serunt‚
264 2230 436 2293 maximam
458 2230 544 2295 inter
573 2252 654 2294 suos
683 2229 793 2295 ferunt
826 2231 973 2295 laudem:
1031 2254 1072 2295 oc
1106 2233 1151 2296 ali

119 2325 286 2390 staturam,
310 2317 352 2378 ali
374 2315 440 2379 hoc
462 2316 549 2379 vires
583 2336 772 2399 nervosque
803 2317 990 2381 confirmari
1022 2326 1150 2400 putant.

116 2401 206 2464 Intra
228 2422 347 2465 annum
369 2422 449 2464 vero
471 2400 660 2465 vicesimum
682 2400 820 2465 feminae
832 2402 980 2465 notitiam
991 2401 1151 2467 habuisse

116 2487 150 2550 in
171 2486 370 2570 turpissimis
393 2486 517 2549 habent
537 2487 647 2550 rebus.
691 2485 794 2570 Cujus
816 2487 864 2549 rei
885 2486 977 2551 nulla
1009 2496 1061 2552 est
1094 2509 1150 2551 oc·

116 2571 262 2644 cubatio,
285 2570 377 2656 quod
400 2578 433 2635 et
454 2571 641 2655 promiscue
667 2571 701 2634 in
734 2570 920 2636 fluminibus
954 2572 1151 2656 perluuntur

117 2665 150 2719 et
167 2655 309 2740 pellibus
327 2668 384 2718 aut
395 2655 507 2739 parvis
518 2677 677 2720 renonum
687 2658 873 2742 tegimentis
885 2665 1020 2721 utuntur
1031 2679 1151 2743 magna

117 2741 267 2825 corporis
291 2749 385 2824 parte
407 2739 505 2804 nuda.

160 2840 210 2904 22.
255 2840 503 2925 ¹Ag1iculturae
525 2863 592 2904 non
604 2840 749 2915 student,
760 2844 931 2928 majorque
942 2865 1021 2928 pars
1033 2865 1149 2908 eorum

115 2927 223 2989 victus
246 2926 278 2988 in
302 2925 396 2999 lacte,
419 2946 526 2998 caseo,
549 2947 647 2990 carne
669 2928 834 3001 consistit:
853 2949 961 3013 neque
973 2929 1148 3012 quisquam

116 3011 185 3109 agri
207 3009 342 3074 modum
364 3019 490 3073 certum
512 3022 570 3074 aut
591 3011 672 3074 fines
695 3011 797 3077 habet
817 3015 984 3098 proprios,
1007 3014 1068 3078 sed
1079 3036 1147 3078 ma·

114 3104 273 3181 gistratus
307 3116 346 3157 ac
379 3096 544 3180 principes
577 3097 610 3158 in
644 3117 748 3160 annos
787 3099 938 3182 singulos
971 3099 1147 3183 ²gentibus

115 3181 433 3266 cognationibusque
455 3180 632 3248 hominum.
655 3183 711 3264 qui
723 3203 788 3245 una
800 3185 956 3255 coierunt,
968 3177 1146 3265 ³quantu1u'

116 3277 149 3328 ct
172 3287 238 3349 quo
263 3264 338 3328 loco
360 3265 468 3328 visum
490 3266 633 3350 ostagii
655 3267 838 3331 attribuunt
858 3276 1055 3351 atqueanno
1068 3280 1149 3352 post

114 3350 180 3414 alio
203 3351 343 3413 transire
365 3358 496 3436 cogunt.
544 3349 624 3434 Ejus
646 3352 694 3413 rei
715 3352 836 3415 multas
859 3352 998 3415 afferunt
1010 3374 1148 3416 causas:

113 3456 155 3498 ne
178 3433 314 3497 assidua
336 3435 576 3498 consuetudine
598 3456 637 3497 ea
662 3436 685 3498 ti
719 3436 866 3499 studium
898 3437 977 3500 belli
1010 3438 1146 3522 gerendi

114 3518 314 3603 agricultura
336 3527 551 3594 commutent3
574 3540 616 3582 nc
638 3457 726 3584 latos
749 3521 831 3584 fines
853 3543 971 3606 parare
988 3522 1146 3587 studeant

114 3604 386 3687 potentioresque
397 3604 589 3667 humiliores
607 3606 879 3687 possessionibus
897 3607 1079 3690 expellant3
1102 3629 1145 3671 no

114 3689 299 3751 accuratius
322 3688 366 3752 ad
387 3688 511 3773 frigora
532 3697 632 3771 atque
654 3699 767 3753 aestus
790 3690 944 3754 vitandos
957 3691 1145 3767 aedificent3

113 3793 154 3835 ne
178 3794 242 3856 qua
265 3773 389 3836 oriatur
410 3773 569 3858 pecuniae
592 3773 765 3857 cupiditas,
788 3796 854 3859 qua
876 3797 919 3838 ex
935 3796 971 3839 re
983 3775 1146 3840 factiones

115 3856 407 3942 dissensionesque
428 3866 623 3934 nascuntur3
646 3860 703 3922 *ut
724 3859 997 3944 animiaequitatc
1014 3863 1146 3948 plebem
