2468 4312
131 213 193 280 154
500 239 542 280 nr
564 239 646 280 unco
669 238 805 281 crannrro

131 377 238 435 castra
271 367 425 434 feceruut
481 369 572 434 Haeo
607 368 709 453 Gajus
744 371 905 435 Antistius
938 370 1085 457 Reginus
1118 379 1153 434 et
1218 444 1224 453 ι

131 456 234 542 Gajus
258 456 409 521 Caninius
432 456 567 520 Rebilus
592 456 689 539 legati
711 478 783 520 cum
807 456 935 520 duabus
965 457 1152 540 legionibus

130 544 329 608 obtinebant.
375 541 520 627 Cognitis
544 564 602 626 per
625 541 852 625 exploratores
875 543 1065 624 regionibus
1091 542 1152 606 du-

130 650 185 692 ces
209 627 353 691 hostium
375 651 416 690 ux
440 627 525 690 milia
548 651 588 690 ex
612 628 697 690 omni
720 650 854 691 nurnero
878 627 1024 713 deligunt
1040 650 1152 692 samm

130 715 303 789 civitatum,
327 735 410 797 quae
433 713 603 776 maximam
620 714 749 776 virtutis
763 715 948 798 opinionem
969 713 1152 788 habebant;

130 799 209 884 quid
232 820 364 883 quoque
386 808 484 882 pacto
506 799 558 884 agi
580 798 716 883 placeat,
740 799 869 864 occulte
889 800 974 862 inter
1007 822 1043 863 se
1073 820 1151 863 con-

129 885 283 959 stituunt3
306 883 448 948 adeundi
471 895 599 968 ternpus
612 883 776 959 deliniunt,
800 907 898 968 quum
911 885 1062 949 meridies
1076 906 1152 948 esso

128 970 286 1033 videatur.
316 970 376 1033 His
389 971 492 1052 copiis
507 970 830 1034 Vercassivellaunum
841 973 1032 1042 Arvernum,
1050 991 1151 1035 unum

129 1077 170 1119 ex
183 1065 336 1140 quattuor
353 1055 500 1128 ducibus
523 1058 741 1141 propinquum
755 1056 1039 1141 Vercingetorigis,
1056 1077 1150 1140 prae-

128 1141 247 1205 ficiunt.
293 1142 352 1205 Ille
375 1164 415 1204 ex
438 1143 554 1205 castris
579 1143 680 1226 prima
713 1143 824 1227 vigilia
855 1164 1011 1227 egressus
1044 1163 1151 1226 prope

129 1225 278 1290 confecto
302 1229 364 1291 sub
386 1228 491 1290 lucem
513 1228 625 1291 itinere
648 1237 727 1312 post
748 1238 889 1291 montem
912 1249 948 1290 se
972 1227 1151 1292 occultavit

126 1313 311 1396 militesque
345 1335 386 1376 ex
418 1322 578 1376 nocturno
612 1313 725 1377 labore
761 1335 837 1377 sese
872 1313 1005 1376 relicere
1036 1312 1149 1398 jussit

128 1397 236 1476 Quum
254 1400 323 1484 jam
346 1398 496 1462 meridies
529 1400 793 1484 appropinquare
826 1398 999 1473 videretur,
1034 1398 1077 1462 ad
1111 1419 1151 1462 ea

127 1495 243 1558 castra,
268 1506 350 1568 quae
373 1507 474 1568 supra
492 1482 794 1560 demonstravimus
817 1483 996 1560 contendit,
1018 1483 1150 1548 eodem-

150 1593 191 1635 ue
213 1580 360 1656 tempore
383 1572 547 1653 equitatus
570 1570 613 1634 ad
636 1580 837 1655 campestres
848 1571 1044 1634 munitiones
1056 1591 1150 1635 acce-

127 1591 207 1719 dere
230 1667 262 1720 et
294 1657 440 1740 reliquae
471 1657 586 1740 copiae
619 1679 693 1720 sese
726 1678 787 1740 pro
821 1657 938 1719 castris
971 1655 1150 1720 ostendere

126 1753 313 1827 coeperunt.

168 1828 218 1892 84.
264 1827 513 1911 Vercingetorix
535 1849 576 1891 ex
598 1849 672 1891 arce
693 1826 824 1890 Alesiae
840 1849 920 1891 suos
936 1827 1148 1911 conspicatus

126 1934 167 1976 ex
191 1912 315 1996 oppido
339 1913 519 1997 egreditur3
542 1928 658 1982 crates,
681 1914 859 1998 longurios,
881 1913 1059 1988 musculos,
1088 1912 1149 1977 fal-

125 2018 181 2060 ces
204 1998 402 2081 reliquaque,
425 2020 509 2081 quae
532 2000 710 2082 eruptionis
735 2021 833 2062 causa
856 2006 1036 2083 paraverat,
1070 2021 1148 2083 pro-

124 2081 196 2147 fert.
218 2083 388 2168 Pugnatur
411 2106 475 2147 uno
488 2095 634 2168 tempore
647 2085 796 2148 omnibus
820 2085 902 2148 locis
925 2094 1023 2168 atque
1040 2085 1149 2148 omnia

124 2179 304 2233 tentantur:
328 2190 411 2252 quae
433 2170 560 2234 minime
582 2171 653 2233 visa
674 2191 752 2254 pars
774 2170 866 2233 firma
888 2180 947 2245 est,
980 2170 1046 2233 huc
1069 2192 1148 2234 con-

125 2255 274 2319 curritur.
318 2255 537 2318 Romanorum
560 2278 674 2319 manus
697 2256 797 2319 tantis
818 2256 1051 2319 munitionibus
1080 2255 1148 2320 dis·

124 2341 244 2405 tinetur
277 2363 337 2404 nec
358 2339 455 2404 facile
472 2342 621 2425 pluribus
646 2343 727 2405 locis
751 2343 901 2405 occurrit.
947 2341 1088 2404 Multum
1104 2341 1148 2406 ad

123 2427 296 2491 terrendos
319 2440 452 2490 nostros
476 2428 563 2491 valet
585 2428 714 2499 clamor,
738 2428 794 2510 qui
816 2436 895 2512 post
926 2436 1054 2508 tergum
1087 2451 1147 2513 pu·

123 2514 298 2596 guantibus
321 2513 453 2584 exstitit,
477 2513 568 2597 quod
591 2535 684 2576 suurn
708 2513 888 2597 periculum
909 2514 941 2576 in
965 2507 1071 2576 aliena
1100 2515 1146 2576 vi-

110 2597 203 2661 ‘dent
225 2598 331 2662 salute
354 2609 520 2663 constare:
543 2599 650 2662 omnia
672 2600 754 2662 enim
766 2599 965 2683 plerumque,
990 2619 1073 2681 quac
1089 2601 1146 2664 ab·

125 2697 210 2755 sunt,
232 2683 455 2747 vehementius
477 2685 644 2750 hominum
666 2695 789 2748 mentes
817 2685 1017 2768 perturbant.

167 2768 216 2833 85.
261 2767 382 2832 Caesar
403 2769 557 2834 idoneum
580 2771 687 2833 locum
710 2780 834 2843 nactus
858 2769 937 2852 quid
951 2791 1081 2854 quaque
1104 2791 1147 2832 ex

124 2865 217 2938 parte
229 2866 368 2937 geratur,
381 2858 565 2940 cognoscit3
589 2856 832 2920 llaborantibus
845 2856 1014 2918 submittit.
1039 2855 1146 2920 Utris-

124 2960 187 3022 que
211 2939 252 3002 ad
275 2941 414 3003 animum
438 2943 587 3011 occurrit,
610 2962 794 3005 unumesse
808 2940 891 3004 illud
914 2953 1053 3025 tempus.
1077 2963 1145 3025 quo

122 3026 260 3088 maxime
294 3026 444 3090 contendi
482 3028 667 3091 conveniat:
701 3025 801 3107 Galli,
835 3027 896 3089 nisi
931 3027 1146 3113 perfregerint

123 3112 327 3181 munitiones,
351 3112 392 3175 de
416 3115 501 3177 omui
524 3114 629 3177 salute
653 3112 843 3196 desperatum
868 3112 1012 3179 Romani.
1036 3115 1144 3176 sirem

123 3198 329 3263 obtinuerint.
341 3198 446 3261 'tinern
463 3201 610 3263 laborum
623 3199 764 3261 omnium
777 3208 978 3281 exspectant.
1002 3200 1145 3262 Maxime

123 3283 166 3348 ad
189 3284 376 3368 superiores
409 3286 603 3348 munitiones
637 3285 811 3357 laboratur,
845 3306 910 3367 quo
940 3284 1144 3349 Vercasivel·

122 3369 253 3432 launum
286 3372 418 3434 missum
457 3371 758 3436 demonstravimus.
803 3370 971 3452 ²lniquum
1003 3371 1068 3435 loci
1101 3369 1145 3433 ad

123 3453 341 3525 declivitatem
363 3457 527 3534 fastigium
549 3477 698 3532 maguum
723 3457 822 3519 habet
843 3466 1048 3519 momentum.
1079 3456 1142 3519 Alii

123 3541 188 3604 tela
212 3543 396 3628 conjiciunt,
419 3545 471 3606 alii
495 3541 659 3606 testudine
675 3540 761 3605 facta
777 3543 932 3616 subeunt3
956 3541 1144 3623 defatigatis

122 3626 154 3689 in
179 3628 280 3691 vicem
311 3629 426 3714 integri
461 3628 651 3692 succedunt.
706 3627 836 3711 ³Agger
861 3629 901 3690 ab
925 3628 1087 3691 universis
1110 3627 1144 3691 in

123 3714 330 3777 munitionem
365 3715 533 3798 conjectus
557 3729 590 3777 et
612 3733 783 3776 ascensum
816 3711 873 3775 dat
906 3711 1009 3775 Gallis
1040 3728 1073 3776 et
1097 3735 1143 3783 ea,

124 3798 260 3878 quaein
283 3807 369 3863 terra
392 3800 635 3864 occultaverant
648 3798 792 3872 Romani,
815 3799 972 3882 contegit3
995 3822 1056 3863 nec
1074 3801 1143 3884 jam

123 3899 211 3944 arma
231 3886 354 3949 nostris
377 3908 436 3950 nec
459 3888 544 3949 vires
569 3892 757 3969 suppetunt
