2468 4312
99 224 160 291 142
443 246 484 287 aa
507 243 609 286 annno
631 241 778 285 ostrico-

98 388 168 444 stes
189 377 400 451 resciderant,
422 377 598 440 exercitum
620 374 762 439 traducit
773 386 807 438 et
817 372 964 437 secundo
988 372 1119 438 flumine

77 464 141 529 'ad
163 463 324 528 Lutetiam
346 464 408 527 iter
428 463 535 526 facere
557 461 674 545 coepit
718 461 842 524 Hostes
864 481 900 523 re
922 459 1056 545 cognita
1076 459 1119 523 ab

97 551 147 623 iis,
169 550 225 634 qui
247 548 427 613 Meloduno
449 546 607 646 fugerant,
636 545 796 609 Lutetiam
821 545 950 609 incendi
983 553 1119 630 pontes·

98 657 163 719 quc
185 637 257 722 ejus
280 634 394 720 oppidi
417 632 558 698 rescindi
576 633 707 718 jubent3
736 633 799 717 ipsi
821 630 960 716 profecti
983 653 1004 694 a
1024 629 1119 716 palu·

99 723 141 787 de
163 720 207 785 ad
228 721 317 805 ripas
340 720 512 804 Sequanae
534 741 552 783 e
573 719 706 804 regione
727 717 876 782 Lutetiae
909 725 1023 780 contra
1057 715 1119 780 La·

96 808 184 872 bieni
206 816 314 869 castra
335 804 519 869 considunt.

140 893 190 956 59.
234 892 305 955 lam
329 890 449 955 Caesar
470 911 491 954 a
512 889 675 976 Gergovia
697 888 894 954 discessisse
915 886 1118 962 audiebatur,

92 978 162 1064 jam
185 977 227 1040 de
252 977 462 1040 Haeduorum
484 976 667 1040 defectione
689 984 722 1038 et
744 973 889 1038 secundo
913 972 1119 1037 Galliaemo-

97 1076 134 1128 tu
156 1084 305 1127 rumores
328 1061 552 1131 afferebantur,
576 1060 728 1145 Gallique
748 1061 782 1123 in
814 1060 988 1144 colloquiis
1021 1060 1119 1132 inter-

20 1151 23 1156 ’
98 1150 225 1213 clusum
257 1149 370 1212 itinere
403 1158 436 1211 et
469 1148 576 1233 Ligeri
611 1146 784 1210 Caesarem
819 1146 930 1229 inopia
965 1143 1119 1208 frumenti

98 1247 248 1299 coactum
269 1234 302 1297 in
324 1233 524 1318 provinciam
547 1231 756 1296 contendisse
779 1231 1021 1296 confirmabant.
1043 1230 1119 1293 Bel·

97 1320 204 1384 lovaci
227 1330 333 1383 autern
357 1319 540 1383 defectione
563 1317 775 1382 Haeduorum
797 1317 935 1400 cognita,
958 1317 1014 1400 qui
1042 1326 1118 1379 ante

98 1415 190 1470 erant
212 1427 272 1491 per
294 1427 330 1468 se
352 1405 508 1480 infideles,
531 1425 645 1467 manus
668 1425 785 1489 cogere
807 1397 905 1485 atque
923 1412 1035 1486 aperte
1051 1400 1119 1465 bel·

96 1491 164 1555 lum
187 1513 303 1576 parare
332 1501 518 1575 coeperunt
573 1489 659 1553 Turn
691 1488 854 1553 Labienus
888 1497 978 1551 tanta
1010 1508 1119 1550 rerum

99 1578 352 1641 commutatione
374 1576 470 1661 longe
493 1575 582 1639 aliud
616 1575 678 1638 sibi
712 1574 904 1660 capiendum
937 1573 1119 1648 consilium,

99 1672 197 1748 atque
219 1671 314 1726 antea
336 1673 492 1735 senserat,
513 1661 714 1743 intelligebat
749 1681 855 1744 neque
883 1659 961 1744 jam,
992 1667 1030 1722 ut
1063 1658 1120 1721 ali·

99 1748 180 1833 quid
201 1749 385 1833 acquireret
407 1747 598 1831 proelioque
620 1741 736 1810 hostes
770 1747 955 1819 lacesseret,
988 1743 1048 1807 scd
1082 1754 1121 1807 ut

97 1833 292 1898 incolumem
315 1834 490 1897 exercitum
513 1832 714 1918 Agedincum
737 1832 916 1904 reduceret
944 1831 1119 1916 cogitabat.

97 1920 249 2004 Namque
271 1921 374 1983 altera
396 1929 551 2003 exparte
573 1918 749 1988 Bellovaci,
771 1939 855 2000 quae
867 1917 982 1980 civitas
993 1917 1027 1979 in
1043 1914 1121 1978 Gal·

98 2005 143 2068 lia
164 2005 335 2067 maximam
356 2003 457 2068 habet
480 2005 664 2089 opinionem
680 2005 820 2077 virtutis,
841 2004 1016 2074 instabant,
1039 2001 1120 2064 alte·

98 2112 167 2154 ram
191 2089 431 2172 Camulogenus
454 2099 569 2173 parato
582 2099 681 2173 atque
691 2091 851 2152 instructo
876 2088 1019 2151 exercitu
1030 2095 1121 2150 tene·

98 2177 170 2251 bat3
193 2188 261 2239 tum
283 2176 430 2261 legiones
453 2197 471 2238 a
479 2175 657 2324 praesidio
692 2184 791 2258 atque
812 2173 1051 2323 impedimentis
1072 2174 1121 2235 iu·

99 2263 261 2326 terclusas
284 2262 457 2324 maximum
503 2283 597 2325 umen
620 2261 803 2324 distinebat.
891 2259 975 2322 antis
1009 2259 1119 2322 subito

100 2346 347 2413 difficultatibus
371 2347 509 2433 objectis
532 2349 573 2411 ab
596 2347 691 2410 animi
724 2347 843 2409 virtute
876 2345 1031 2408 auxilium
1064 2365 1120 2428 pe·

98 2433 232 2497 tendum
258 2433 399 2496 videbat.

142 2519 192 2584 60.
236 2519 305 2584 Sub
328 2540 502 2602 vesperum
529 2518 666 2581 consilio
702 2524 883 2581 convocato
917 2515 1120 2589 cohortatus,

99 2615 136 2668 ut
158 2627 205 2677 ea,
228 2626 311 2688 quae
333 2605 536 2689 imperasset,
559 2603 729 2688 diligenter
743 2603 968 2686 industrieque
986 2600 1120 2665 admini-

100 2703 250 2763 strarent,
273 2712 383 2761 naves,
417 2712 499 2774 quas
533 2688 713 2752 llleloduno
748 2688 938 2762 deduxerat,
973 2686 1119 2772 singulas

100 2777 265 2860 equitibus
288 2775 444 2838 Romanis
468 2776 615 2839 attribuit
640 2785 673 2838 et
695 2775 797 2859 prima
830 2772 978 2837 confecta
1010 2773 1121 2858 vigilia

100 2871 256 2945 quattuor
277 2861 365 2924 milia
386 2882 544 2945 passuum
566 2860 713 2924 secundo
736 2859 866 2923 flumine
891 2859 1020 2922 silentio
1044 2879 1120 2941 pro-

100 2946 193 3033 gredi
215 2947 325 3030 ibique
358 2968 395 3010 sc
429 2948 613 3031 exspectari
630 2946 735 3030 jubet.
782 2945 935 3028 Quinque
956 2943 1120 3017 cohortes,

101 3054 183 3116 quas
206 3032 333 3096 minime
355 3033 464 3096 firmas
487 3033 530 3097 ad
552 3032 769 3096 dimicandum
799 3053 873 3095 esse
907 3030 1120 3103 existimabat,

100 3119 217 3182 castris
239 3117 404 3202 praesidio
430 3118 597 3201 relinquit3
630 3119 773 3202 quinque
807 3117 955 3205 ejusdem
984 3113 1120 3200 legionis

100 3204 244 3287 reliquas
268 3204 309 3269 de
332 3204 438 3268 media
465 3213 561 3267 nocte
594 3225 667 3266 cum
700 3205 849 3268 omnibus
882 3200 1121 3286 impedimentis

101 3289 243 3354 adverso
280 3289 409 3353 llumine
447 3311 563 3374 magno
601 3291 741 3353 tumultu
774 3289 938 3376 proficisci
974 3287 1120 3370 imperat.

100 3376 271 3460 Conquirit
293 3377 388 3439 etiam
411 3376 539 3439 lintres:
572 3374 633 3438 has
665 3398 783 3461 magno
817 3376 926 3438 sonitu
959 3390 1122 3436 remorum

100 3461 249 3525 incitatas
282 3462 316 3525 in
349 3461 484 3526 eandem
517 3471 641 3545 partein
666 3462 772 3525 mittit.
822 3462 898 3546 lpse
920 3470 999 3543 post
1022 3455 1120 3542 paulo

100 3547 230 3611 silentio
254 3569 408 3632 egressus
442 3569 515 3611 curn
548 3547 651 3610 tribus
686 3547 869 3633 legionibus
903 3567 977 3609 eum
1013 3543 1121 3607 locum

99 3632 190 3717 petit,
214 3655 280 3717 quo
303 3655 404 3697 naves
430 3632 550 3718 appelli
568 3633 726 3717 jusserat.

143 3717 192 3781 61.
236 3716 288 3781 Eo
310 3741 410 3803 quum
433 3728 523 3782 esset
543 3727 684 3793 rentum,
718 3718 945 3803 exploratores
967 3715 1121 3788 hostium,

100 3811 138 3865 ut
166 3824 252 3866 omni
282 3802 424 3867 tlurninis
451 3805 551 3888 'parte
585 3817 676 3867 crant
713 3803 873 3888 dispositi.
906 3804 1122 3887 inopinantes,

101 3887 193 3970 quod
214 3910 331 3976 magna
353 3891 462 3960 subito
485 3898 560 3980 erat
576 3900 691 3954 coorta
713 3900 901 3976 tempestas,
934 3890 975 3953 ab
998 3887 1121 3950 nostris
