2468 4312
133 207 194 273 152
480 229 522 271 oa:
544 231 646 274 sucro
668 228 807 271 erarico

129 364 190 438 bii,
224 363 279 448 qui
313 385 371 426 eos
405 362 530 448 oppido
562 371 768 437 receerunt,
802 383 875 426 cum
908 361 1018 426 liberis
1050 366 1152 446 atque

130 451 290 514 uxoribus
303 450 392 512 exire
407 459 577 534 coguntur.
621 385 664 513 lli
687 471 788 534 quum
809 448 853 512 ad
873 449 1070 512 munitiones
1085 448 1153 511 Ro·

130 557 299 599 manorum
322 535 548 608 accessissent,
571 533 686 598 flentes
709 535 860 598 omnibus
892 534 1045 618 precibus
1079 554 1154 597 ors-

131 624 218 694 bant‚
240 631 277 684 ut
299 644 336 684 se
357 622 391 684 iu
415 622 603 685 servitutem
624 633 777 705 receptos
800 621 873 684 cibo
891 620 1054 705 juvarent.
1108 619 1153 683 At

132 708 252 771 Caesar
275 706 445 791 dispositis
458 707 490 768 in
506 707 594 771 vallo
606 706 802 770 custodibus
824 706 925 790 recipi
945 705 1152 790 prohibebat.

173 793 222 857 79.
266 793 394 856 Interea
416 790 582 855 Commius
604 792 785 877 reliquique
797 791 907 864 duces,
931 791 1049 873 quibus
1065 811 1153 854 sum·

130 900 182 942 ma
204 879 329 961 imperii
350 879 512 964 permissa
533 887 610 952 erat,
633 899 706 941 cum
730 879 878 941 omnibus
902 876 1061 962 copiisad
1076 876 1155 940 Ale·

130 966 211 1028 siam
234 964 428 1047 perveniunt
449 975 483 1027 et
504 964 590 1027 colle
612 965 772 1026 exteriore
795 971 956 1047 occupato
982 984 1049 1026 non
1082 962 1154 1026 lon·

154 1051 203 1113 'us
227 1049 313 1113 mille
335 1050 490 1133 passibus
513 1051 554 1113 ab
577 1052 700 1113 nostris
717 1050 949 1114 munitionibus
966 1046 1153 1113 considunt.

130 1071 271 1199 &ostem
296 1135 349 1198 die
371 1136 519 1218 equitatu
552 1157 593 1198 ex
627 1137 744 1199 castris
778 1135 898 1199 educto
932 1155 1057 1199 omnem
1080 1155 1153 1197 eam

131 1221 306 1306 planitiem.
330 1242 427 1304 quam
448 1223 480 1284 in
509 1220 745 1306 longitudinem
780 1222 841 1284 tria
873 1221 961 1283 milia
993 1241 1153 1305 passuum

131 1318 243 1391 patere
267 1307 571 1379 demonstravimus,
592 1307 758 1391 complent
780 1306 1019 1390 pedestresque
1037 1306 1152 1390 copias

130 1393 263 1477 paulum
286 1394 327 1456 ab
351 1414 389 1455 eo
413 1392 487 1456 loco
510 1392 640 1456 abditas
662 1394 695 1455 in
719 1393 800 1456 locis
824 1393 1048 1477 superioribus
1075 1413 1153 1456 con-

131 1479 278 1542 stituunt.
321 1477 403 1541 Erat
426 1501 467 1541 ex
489 1477 614 1562 oppido
637 1479 748 1542 Alesia
760 1478 938 1562 despectus
948 1478 981 1540 in
993 1499 1153 1562 campum.

131 1563 338 1628 Concurrunt
369 1564 421 1627 his
444 1565 573 1627 auxiliis
596 1565 691 1638 visis3
719 1564 756 1627 lit
783 1565 958 1649 gratulatio
986 1564 1071 1627 iuter
1093 1585 1153 1627 eos

130 1659 228 1734 atque
251 1651 393 1714 omnium
416 1650 513 1714 animi
546 1649 589 1713 ad
621 1650 776 1713 laetitiam
798 1651 989 1714 excitantur.
1037 1649 1153 1732 ltaque

130 1735 301 1819 productis
325 1736 429 1821 copiis
452 1745 527 1800 ante
543 1735 702 1819 oppidum
719 1735 895 1799 considunt
917 1745 950 1798 et
970 1736 1155 1820 proximam

128 1820 254 1884 fossam
277 1823 420 1885 cratibus
442 1822 591 1906 integunt
612 1834 711 1906 atque
734 1843 851 1907 aggere
884 1822 1017 1906 explent
1050 1841 1154 1904 seque

130 1906 174 1969 ad
197 1908 399 1990 eruptionem
422 1917 520 1991 atque
543 1929 655 1971 omnes
679 1911 776 1970 casus
805 1916 1004 1992 comparant.

173 1992 223 2056 80.
270 1992 391 2055 Caesar
414 1995 500 2056 omni
523 1995 671 2057 exercitu
693 1993 736 2057 ad
758 2002 1070 2078 utramquepartem
1085 2014 1154 2056 mn·

129 2078 286 2141 nitionum
311 2076 484 2162 disposito,
507 2090 552 2145 ut.
575 2080 604 2142 si
625 2102 708 2142 usus
731 2082 847 2154 veniat,
881 2101 976 2143 suum
1013 2080 1153 2163 quisque

130 2163 239 2227 locum
263 2176 371 2227 teneat
394 2175 427 2227 et
449 2165 585 2240 noverit,
608 2165 786 2248 equitatum
810 2188 851 2228 ex
873 2165 989 2228 eastris
1013 2164 1110 2228 educi
1121 2173 1154 2228 et

130 2250 291 2332 proelium
315 2250 471 2313 committi
494 2250 598 2334 jubet.
655 2251 736 2314 Erat
768 2273 810 2314 ex
842 2252 992 2314 omnibus
1025 2250 1152 2325 castris,

131 2355 215 2418 quae
237 2357 397 2399 summum
419 2335 563 2419 undique
580 2337 697 2423 jugum
712 2338 873 2416 tenebant,
898 2336 1083 2421 despectus,
1106 2345 1154 2400 at·

131 2442 195 2504 que
218 2443 331 2485 omnes
354 2421 471 2484 milites
494 2422 607 2485 intenti
630 2444 759 2508 pugnae
776 2431 1153 2507 proventumexspecta·

130 2507 217 2571 baut.
263 2504 348 2570 Galli
370 2508 454 2570 inter
476 2509 602 2590 equites
625 2530 719 2572 raros
743 2510 930 2594 sagittarios
964 2507 1154 2592 expeditos·

132 2613 195 2676 que
218 2593 299 2656 levis
322 2609 505 2657 armaturae
526 2594 761 2679 interjecerant,
785 2596 840 2679 qui
863 2597 933 2657 suis
960 2594 1152 2658 cedentibus

131 2678 252 2741 auxilio
287 2687 515 2742 succurrerent
549 2687 582 2743 et
613 2688 801 2743 nostrorum
835 2682 979 2763 equitum
1011 2681 1151 2764 impetus

131 2765 339 2827 sustinerent.
383 2766 436 2829 Ab
458 2765 510 2828 his
533 2767 719 2849 complures
732 2766 774 2829 de
789 2767 968 2849 improviso
991 2765 1153 2830 vulnerati

131 2849 257 2933 proelio
281 2848 491 2914 excedebant.
530 2849 637 2930 Quum
660 2873 740 2914 suos
754 2874 863 2936 pugna
875 2853 1062 2937 superiores
1079 2874 1153 2915 esse

133 2934 218 2997 Galli
241 2934 444 2998 confiderent
466 2945 499 3000 et
519 2945 654 3001 nostros
687 2937 893 3001 multitudine
926 2938 1030 3023 premi
1063 2937 1153 3001 vide-

131 3031 211 3098 rent,
235 3042 276 3083 ex
298 3022 448 3085 omnibus
470 3023 620 3108 partibus
644 3036 676 3087 et
697 3024 727 3097 ii,
751 3024 806 3106 qui
828 3025 1059 3087 munitionibus
1076 3046 1153 3088 con-

132 3106 325 3179 tinebantur,
348 3106 444 3180 ethi,
468 3109 523 3192 qui
534 3107 579 3171 ad
589 3109 743 3173 auxilium
760 3121 988 3183 convenerant,
1011 3110 1153 3173 clamore

132 3202 165 3256 et
186 3192 312 3255 ululatu
324 3194 596 3257 suorumanimos
619 3194 862 3258 confirmabant.
907 3194 1006 3275 Quod
1026 3195 1059 3258 io
1075 3216 1153 3258 con·

132 3289 248 3362 spectu
272 3279 412 3342 omnium
434 3300 487 3341 res
511 3281 684 3363 gerebatur
705 3301 811 3364 neque
844 3293 932 3344 recte
954 3303 993 3345 ac
1014 3280 1153 3366 turpiter

130 3363 252 3427 factum
275 3364 373 3427 celari
395 3374 535 3449 poterat,
558 3374 717 3448 utrosque
740 3376 772 3430 et
795 3366 901 3430 laudis
935 3365 1096 3452 cupiditas
1120 3374 1153 3430 et

131 3451 227 3514 timor
259 3450 454 3534 ignominiae
487 3450 529 3514 ud
561 3451 715 3515 virtutem
748 3454 940 3517 excitabant
996 3452 1105 3532 Quum
1133 3473 1154 3516 a

131 3535 265 3600 meridie
288 3556 391 3621 prope
414 3535 457 3600 ad
480 3537 561 3600 solis
585 3559 738 3601 occasum
751 3538 849 3602 dubia
874 3539 1012 3603 victoria
1029 3559 1153 3624 pugna-

131 3632 229 3696 retur,
253 3619 405 3685 Germani
426 3643 492 3686 uua
512 3622 546 3686 iu
568 3632 662 3707 parte
684 3622 839 3687 confertis
863 3625 1020 3688 turmisin
1035 3625 1152 3688 hostes

130 3710 285 3791 impetum
308 3706 455 3772 fecerunt
486 3729 609 3792 eosque
644 3710 873 3793 propulerunt;
906 3711 1026 3794 quibus
1048 3711 1082 3774 in
1102 3709 1153 3775 fu·

131 3813 205 3874 gam
228 3793 386 3877 conjectis
410 3794 568 3879 sagittarii
590 3795 800 3860 circumventi
821 3795 1048 3879 interfectique
1065 3806 1152 3860 sunt.

131 3872 212 3941 Item
245 3900 287 3941 cx
318 3879 452 3964 reliquis
484 3880 634 3966 partibus
655 3881 761 3945 nostri
782 3879 937 3946 cedentes
970 3903 1076 3968 usque
1109 3881 1153 3946 ad
