2468 4312
412 235 472 278 ma.
495 236 549 277 vu.
594 235 662 279 car.
683 212 820 278 67-71.
1063 216 1122 281 147
1185 266 1187 273 ,

101 368 189 433 bant.
233 366 302 431 Sub
325 389 427 442 muro,
450 389 534 450 quae
556 390 633 452 pars
657 367 751 432 collis
774 367 817 433 ad
840 368 995 432 orientem
1018 369 1123 435 solem
1205 429 1208 434 .

99 453 282 538 spectabat,
306 452 393 517 huno
415 476 542 517 omnem
565 454 673 519 locum
695 455 809 538 copiae
832 452 1002 520 Gallorum
1034 477 1122 520 com,

100 539 272 624 pleverant
293 537 482 623 fossamque
516 549 549 603 et
581 540 750 604 maceriam
779 562 836 605 sex
859 541 892 603 in
919 539 1121 605 altitudinem

98 623 222 710 pedum
246 624 494 708 praeduxerant.
538 624 620 711 Ejus
644 627 839 700 munitionis,
866 647 950 709 quae
981 627 1022 691 ab
1055 627 1122 691 Ro·

100 711 204 775 manis
226 710 465 780 instituebatur,
489 713 642 776 circuitus
664 733 699 775 xi
720 712 808 776 milia
839 733 997 796 passuum
1030 721 1121 776 tene-

99 795 166 860 bat.
212 795 328 860 Castra
350 799 545 882 opportunis
567 799 649 863 locis
673 805 765 862 erant
798 798 906 882 posita
937 798 1047 880 ibique
1069 819 1121 862 oa-

98 882 196 945 stella
220 905 302 945 xxru
324 882 418 957 faeta,
442 883 560 966 quibus
583 884 616 948 in
638 883 781 948 castellis
804 882 944 948 interdiu
963 884 1120 948 stationes

97 968 315 1052 ponebantur,
337 991 378 1032 ne
401 990 466 1052 qua
488 970 597 1034 subito
621 970 747 1055 eruptio
771 968 875 1035 fieret:
904 969 986 1035 haec
1007 969 1121 1034 eadem

97 1062 201 1121 noctu
224 1056 469 1119 excubitoribus
492 1077 530 1118 ac
551 1054 652 1119 firmis
676 1053 847 1139 praesidiis
871 1057 1073 1119 tenebantur.
1115 1097 1117 1101 -

144 1140 193 1204 70.
239 1139 348 1224 Opere
370 1141 520 1205 instituto
543 1139 580 1202 fit
603 1150 754 1223 equestre
766 1140 926 1224 proelium
946 1141 980 1205 in
1003 1141 1121 1225 capla·

98 1225 187 1299 nitie‚
211 1245 308 1308 quam
330 1226 546 1290 intermissam
568 1226 708 1290 collibus
731 1227 793 1289 tria
812 1226 902 1290 milia
917 1248 1074 1310 passuum
1088 1229 1121 1290 in

99 1310 337 1397 longitudinem
371 1320 483 1395 patere
515 1333 617 1395 supra
639 1311 943 1375 demonstravimus.
988 1313 1122 1376 Summa

100 1397 133 1460 vi
154 1398 196 1461 ab
219 1398 368 1481 utrisque
391 1396 606 1461 contenditur.
650 1396 891 1461 Laborantibus
903 1399 1026 1461 nostris
1042 1397 1121 1462 Cae·

99 1504 155 1547 sar
180 1480 360 1546 Germanos
383 1483 544 1548 submittit
565 1482 777 1568 legionesque
799 1503 860 1567 pro
894 1483 1010 1546 castris
1045 1505 1121 1547 eon·

101 1568 216 1643 stituit,
237 1591 278 1633 ne
301 1590 366 1653 qua
388 1569 497 1633 subito
520 1569 658 1653 irruptio
671 1569 711 1632 ab
725 1568 871 1632 hostium
892 1569 1041 1652 peditatu
1056 1569 1120 1632 fiat.

100 1654 271 1720 Praesidio
309 1655 488 1741 legionum»
505 1654 619 1719 addito
651 1655 774 1719 nostris
808 1654 932 1719 animus
970 1663 1120 1739 augetur:

98 1739 217 1804 hostes
240 1742 272 1804 iu
293 1739 402 1826 fugam
426 1742 564 1827 conjecti
587 1763 623 1804 sc
645 1741 708 1824 ipsi
725 1739 929 1805 multitudine
941 1739 1122 1824 impediunt

102 1837 199 1909 atque
222 1827 464 1911 angustioribus
489 1827 593 1911 portis
616 1827 737 1891 relictis
760 1835 1002 1890 coacervantur.
1041 1824 1121 1890 Ger·

102 1914 186 1977 mani
209 1914 314 1976 acrius
338 1934 444 1995 usque
467 1912 510 1976 nd
532 1913 726 1975 munitiones
750 1921 939 1996 sequuntur.
983 1911 1009 1977 F
1011 1912 1036 1976 it
1055 1934 1121 1976 ma-

101 2020 166 2083 gna
188 1999 320 2062 caedes:
349 1998 496 2061 nonnulli
519 1998 641 2061 relictis
665 1999 757 2082 equis
781 1997 905 2061 fossam
928 1998 1065 2062 transire
1089 2008 1122 2063 et

99 2085 272 2149 maceriam
284 2083 515 2147 transcendere
538 2091 704 2147 conantur.
730 2083 868 2147 Paulum
880 2083 1025 2182 legiones
1042 2083 1121 2147 Cae-

102 2191 165 2244 sar,
189 2192 270 2254 quas
283 2170 444 2253 provallo
468 2171 689 2237 constituerat.
708 2170 895 2253 promoveri
912 2172 1015 2253 Jubet.
1045 2171 1121 2235 Non

99 2257 216 2329 minus,
240 2257 294 2339 qui
317 2257 400 2321 intra
420 2256 615 2320 munitiones
645 2267 745 2328 erant,
768 2255 998 2339 perturbantur
1021 2255 1120 2319 Galli:

101 2342 202 2406 veniri
226 2342 269 2406 ad
292 2364 328 2405 se
351 2341 523 2406 confestim
545 2341 767 2404 existimantes
801 2340 844 2404 ad
877 2361 964 2403 arma
992 2341 1121 2404 concla-

98 2440 204 2502 mant3
227 2428 373 2491 nonnulli
395 2428 557 2511 perterriti
579 2428 612 2489 in
635 2425 792 2510 oppidum
815 2427 1004 2510 irrumpunt.
1039 2425 1121 2490 Ver·

101 2514 153 2578 oin
177 2513 282 2576 etorix
305 2513 402 2596 jubet
432 2523 549 2597 portas
584 2511 701 2586 claudi,
733 2533 775 2574 ne
807 2520 916 2575 castra
948 2511 1119 2575 nudentur.

100 2535 215 2665 Multis
238 2596 424 2697 interfectis
447 2598 671 2682 compluribus
705 2596 797 2681 equis
831 2597 935 2682 captis
971 2595 1120 2661 Germani

101 2707 177 2749 sese
199 2696 367 2768 recipiunt.

144 2771 195 2834 71.
239 2768 496 2856 Vercingetorix.
519 2768 710 2854 priusquam
721 2767 917 2831 munitiones
939 2768 980 2832 ab
1003 2767 1121 2833 Roma·

100 2857 152 2921 nis
174 2855 391 2940 perficiantur,
414 2854 585 2918 consilium
618 2854 705 2938 capit
726 2875 853 2918 omnem
875 2854 915 2917 ab
939 2876 976 2918 se
999 2855 1121 2938 equita-

100 2949 171 3006 tum
192 2951 291 3006 noctu
315 2940 484 3005 dimittere.
528 2938 783 3004 Discedentibus
806 2939 946 3015 mandat,
979 2951 1013 3004 nt
1034 2965 1122 3004 suam

95 3031 225 3116 potsque
246 3051 350 3092 eornm
371 3028 519 3091 civitatem
541 3026 632 3091 adeat
652 3047 815 3112 septiesque,
845 3028 898 3113 qni
913 3049 975 3111 per
997 3037 1122 3091 aetates

100 3138 193 3187 artua
205 3114 295 3202 ferre
312 3114 437 3199 possint,
461 3112 504 3176 ad
524 3113 632 3176 bellun
655 3123 770 3195 copant.
814 3111 882 3176 Sua
903 3112 937 3175 in
958 3112 1034 3177 illos
1057 3134 1122 3176 me·

98 3201 164 3265 rita
196 3201 352 3285 proponit
384 3201 642 3282 obtestaturque.
673 3209 708 3261 ut
737 3221 812 3262 snae
843 3197 948 3262 salutis
974 3201 1123 3264 rationem

97 3286 363 3353 belesmense
385 3287 494 3370 optime
514 3285 552 3348 de
573 3284 725 3349 commissi
757 3285 892 3348 libertate
922 3287 1062 3350 meritum
1089 3287 1123 3348 in

101 3372 410 3439 mimmumbostibur
431 3371 550 3434 dedant.
596 3370 732 3450 Quodsi
752 3370 1121 3457 indilipentioressuerint,

99 3462 190 3525 milia
211 3460 367 3524 bominum
387 3458 501 3521 delecto
521 3478 613 3520 xxxx
645 3480 710 3519 uon
741 3479 841 3520 sectam
873 3457 1034 3520 interitura
1067 3455 1122 3520 de-

100 3554 271 3611 monstrat.
315 3546 447 3610 Ratione
468 3543 546 3606 inita
577 3566 608 3606 se
633 3543 738 3625 eripite
766 3543 884 3605 dienen
910 3563 982 3604 xxx
1013 3541 1124 3607 labere

92 3633 292 3721 fressentum
314 3631 368 3694 sed
382 3629 482 3714 paulo
515 3630 606 3692 etiam
638 3628 756 3711 loupiac
777 3628 905 3691 tolerari
929 3650 1021 3712 posse
1042 3651 1123 3714 par·

101 3720 203 3784 sendo.
247 3717 308 3780 His
331 3715 418 3779 datis
440 3713 611 3788 mandatis
645 3735 711 3797 qua
743 3734 829 3798 opus
863 3720 932 3777 erat
963 3714 1123 3778 intermis-

102 3827 184 3881 sum,
207 3799 352 3868 secunda
384 3801 494 3886 vigilia
526 3799 655 3864 silentio
689 3799 866 3883 equitatum
895 3799 1000 3863 mittit.
1044 3798 1124 3864 Fru-

100 3899 243 3958 mentum
266 3908 362 3954 omne
384 3887 428 3972 ad
449 3908 487 3952 se
507 3883 621 3951 referri
638 3885 749 3972 jubet;
774 3885 891 3972 capitis
912 3905 1052 3972 poenam
1074 3885 1123 3960 iis,
