2468 4312
455 222 517 267 rra.
537 224 569 268 v.
614 224 683 268 car.
708 201 840 269 14-19.
1088 201 1131 269 79

100 355 271 423 inferebat.
316 355 507 422 Accedebat
530 356 605 428 huc.
633 364 672 420 ut
698 378 865 442 nunquam
893 353 1041 432 conferti,
1068 355 1131 422 sed

102 444 168 508 rari
190 444 383 529 magnisque
415 442 596 507 intervallis
653 442 869 507 roeliareutur
903 442 1129 527 stationesque

102 528 286 614 dispositas
310 529 468 596 haberent
489 539 589 612 atque
610 464 695 591 alios
721 529 776 592 alii
810 528 965 612 deinceps
1000 529 1131 614 excipe·

101 624 176 680 rent
197 615 380 699 integrique
401 624 436 678 et
455 623 604 678 recentes
627 611 814 700 defatigatis
837 612 1060 678 succederent.

150 701 196 764 17.
239 699 382 764 Postero
406 699 459 763 die
480 701 598 785 procul
621 721 642 764 a
663 700 780 764 eastris
793 700 908 763 hostes
931 700 964 764 in
986 700 1128 764 collibus

102 786 322 850 constiterunt
342 787 474 870 rarique
496 808 534 849 se
556 784 733 851 ostendere
753 795 788 849 et
810 784 915 849 lenius
944 806 1041 868 quam
1062 785 1129 870 pri·

101 870 156 936 die
179 884 313 935 nostros
336 872 465 955 equites
488 871 615 956 proelio
641 871 806 936 lacessere
827 880 1015 956 coeperunt.
1059 869 1129 936 sed
1154 908 1159 917 ·

101 957 245 1033 meridie,
268 980 368 1041 quum
391 956 513 1021 Caesar
535 956 714 1041 pabulandi
746 978 848 1021 eausa
880 966 948 1021 tres
981 956 1012 1020 le
1036 956 1128 1021 ‘oues

102 1054 202 1127 atque
224 1064 354 1108 omnem
376 1043 556 1128 equitatum
589 1064 664 1106 eum
696 1041 781 1128 Gajo
815 1041 984 1107 Trebonio
1013 977 1128 1129 ligato

102 1129 255 1203 misisset
278 1137 414 1213 repente
437 1151 479 1192 ex
501 1129 652 1193 omnibus
674 1129 823 1212 partibus
846 1127 890 1192 ad
916 1127 1128 1212 pabulatores

102 1213 351 1291 advolaverunt,
386 1215 442 1288 sic,
475 1214 543 1278 ²uti
576 1216 618 1279 ab
652 1214 753 1299 signis
787 1213 1038 1300 legionibusque
1060 1234 1127 1279 non

102 1301 309 1365 absisterent
354 1300 470 1366 Nostri
490 1300 608 1364 aeriter
629 1299 664 1362 in
685 1321 743 1364 eos
766 1300 889 1384 impetu
914 1298 1003 1364 facto
1031 1321 1128 1385 repu-

102 1386 212 1450 lerunt
233 1385 447 1469 nequefinem
462 1385 622 1471 sequendi
643 1383 800 1460 feceruut,
822 1385 955 1469 ³quoad
976 1385 1127 1449 subsidio

102 1471 219 1535 conlisi
241 1473 379 1556 equites,
401 1493 502 1556 quum
523 1478 603 1556 post
623 1492 661 1534 se
683 1471 830 1556 legiones
852 1470 1010 1548 viderent,
1033 1493 1128 1556 prae·

102 1556 218 1641 cipites
241 1557 357 1620 hostes
392 1565 536 1643 egerunt,
569 1577 755 1642 magnoque
787 1578 900 1620 eorum
921 1578 1057 1621 numero
1079 1558 1128 1623 in·

100 1641 239 1706 terfecto
262 1664 369 1726 neque
392 1644 444 1707 sui
465 1642 642 1728 colligendi
664 1663 770 1725 neque
791 1641 995 1707 consistendi
1017 1651 1127 1707 autex

101 1728 231 1793 essedis
249 1727 422 1793 desiliendi
443 1727 631 1792 facultatem
654 1728 825 1793 dederunt
868 1726 943 1791 ⁴Ex
964 1727 1027 1792 hac
1048 1727 1128 1814 luga

100 1815 251 1900 protinus
274 1836 359 1898 quae
380 1814 526 1899 undique
559 1823 780 1879 convenerant
810 1813 932 1877 auxilia
964 1813 1127 1878 discesse-

100 1909 186 1975 runt
209 1920 317 1984 neque
339 1910 420 1986 post
438 1899 475 1965 id
497 1908 626 1985 tempus
649 1921 792 1984 unquam
807 1900 1126 1965 summisnobiscum

101 1985 206 2070 copiis
228 1985 345 2050 hostes
368 1985 616 2050 contenderunt.

149 2072 195 2136 18.
240 2069 361 2135 Caesar
383 2072 515 2158 cognito
538 2071 678 2136 consilio
702 2093 815 2135 eorum
836 2070 881 2135 ad
908 2069 1028 2136 flumen
1061 2069 1126 2136 Te·

100 2158 203 2222 masin
225 2156 259 2220 in
281 2157 362 2221 fines
386 2157 604 2222 Casivellauni
627 2158 803 2221 exereitum
829 2157 933 2229 duxit
957 2156 1048 2243 quod
1066 2156 1126 2221 tlu-

101 2265 175 2307 men
196 2264 263 2306 uno
287 2244 417 2306 omnino
442 2243 516 2306 loco
539 2242 689 2327 pedibus,
711 2243 888 2328 atquehoc
902 2252 1125 2328 aegretrans·

101 2328 140 2392 iri
162 2337 282 2413 potest
328 2327 378 2392 Eo
404 2351 503 2414 quum
525 2329 680 2404 venisset,
701 2329 841 2392 animum
859 2328 1002 2392 advertit
1021 2328 1065 2391 ad
1079 2329 1126 2392 al·

100 2423 204 2478 teram
228 2413 368 2478 fluminis
390 2415 493 2499 ripam
515 2435 648 2500 magnas
672 2437 747 2479 esse
769 2414 882 2499 copias
911 2414 1056 2479 hostium
1078 2414 1127 2477 in·
1217 2477 1219 2480 Α

101 2509 255 2564 strumas.
308 2499 395 2584 Ripa
416 2511 525 2565 autem
558 2518 628 2566 erat
659 2502 763 2565 acutis
797 2499 937 2563 sudibus
971 2499 1126 2584 praefixis

100 2585 233 2661 munita,
256 2584 470 2670 ejusdemque
491 2587 620 2673 generis
649 2587 712 2651 sub
737 2606 831 2671 'aqua
863 2584 990 2649 defixae
1023 2585 1125 2650 sudes

100 2669 232 2736 llumine
265 2672 468 2754 tegebantur.
523 2672 604 2737 ¹His
626 2673 727 2737 rebus
760 2670 900 2758 cognitis
934 2692 953 2735 a
986 2671 1125 2756 captivis

100 2755 315 2843 perfugisque
350 2757 471 2822 Caesar
502 2757 685 2843 praemisso
718 2758 864 2841 equitatu
885 2756 1057 2822 confestim
1080 2757 1127 2821 le·

100 2843 216 2942 giones
239 2843 399 2927 subsequi
427 2843 538 2929 jussit
592 2843 663 2909 Sed
685 2865 723 2907 ea
752 2843 919 2909 celeritate
951 2857 1051 2928 atque
1084 2864 1125 2907 eo

100 2936 223 3013 impetu
245 2929 365 2992 milites
386 2928 501 3006 ierunt,
525 2950 625 3012 quum
647 2929 754 3013 eapite
776 2929 850 2994 solo
876 2953 918 2994 ex
951 2951 1037 3015 aqua
1069 2951 1125 2992 ex·

101 3022 236 3089 starent
258 3023 295 3077 ut·
317 3013 433 3078 hostes
462 3014 616 3100 impetum
649 3014 814 3100 legionum
847 3024 946 3101 atque
979 3015 1126 3099 equitum

101 3099 263 3163 sustinere
285 3121 353 3163 non
374 3110 516 3184 possent
535 3100 692 3186 ripasque
713 3099 933 3166 ²dimitterent
953 3123 993 3166 ac
1014 3123 1052 3166 se
1073 3100 1125 3167 fu·

99 3203 161 3270 gae
183 3183 383 3249 mandarent

147 3268 195 3332 19.
239 3268 496 3346 Casuellanum,
519 3280 556 3337 ut
572 3294 613 3337 su
637 3293 675 3337 ra
688 3271 994 3347 demonstravimus,
1018 3271 1125 3336 ¹omni

100 3351 255 3503 deposita
277 3377 338 3441 spe
359 3357 579 3423 contentionis
626 3359 747 3422 imissis
769 3359 983 3443 amplioribus
1010 3359 1125 3442 copiis,

99 3440 144 3504 mi
159 3440 232 3504 'bus
253 3441 382 3505 circiter
405 3451 561 3527 quattuor
582 3443 825 3509 essedariorum
849 3444 980 3525 relictis,
1008 3443 1125 3507 itinera

99 3535 215 3591 nostra
238 3527 392 3592 servabat
413 3529 612 3613 paulumque
634 3551 676 3593 ex
698 3530 751 3592 via
772 3529 954 3594 excedebat
974 3527 1124 3612 locisque

98 3611 265 3697 impeditis
288 3634 326 3677 ae
349 3614 557 3679 silvestribus
580 3636 655 3679 sese
677 3614 865 3680 occultabat
888 3624 988 3699 atque
1009 3615 1048 3679 iis
1072 3636 1124 3678 re-

99 3697 262 3784 gionibus,
285 3699 404 3782 quibus
427 3720 489 3763 uos
511 3700 574 3764 iter
595 3698 741 3764 facturos
764 3709 974 3785 cognoverat,
1002 3721 1124 3785 pecora

100 3793 200 3868 atque
222 3781 370 3847 homines
383 3806 423 3848 ex
435 3785 524 3870 agris
535 3785 569 3848 iu
580 3785 682 3849 silvas
704 3785 923 3870 compellebat
945 3794 986 3861 et,
1008 3787 1123 3871 ²quum

100 3869 265 3953 equitatus
289 3879 402 3934 noster
425 3870 558 3936 liberius
580 3870 761 3956 praedandi
783 3870 999 3956 vastandique
1022 3892 1123 3936 eausa
