2468 4312
286 253 347 295 un.
370 253 390 294 1.
436 252 504 294 can.
528 229 569 294 53
594 267 630 278 -
655 253 716 294 mn.
739 251 771 294 11.
817 251 886 294 cnr.
908 231 938 294 4.
1089 230 1130 295 29

99 385 273 451 ducendos
295 384 446 448 homines
475 382 651 448 facultates
685 384 866 459 habebant,
899 385 1001 482 vulgo
1029 406 1132 470 regna

98 473 355 556 occupabantur,
379 470 435 553 qui
456 471 562 533 minus
585 469 680 534 facile
693 492 764 533 eam
774 492 844 533 rem
855 471 991 555 imperio
1013 480 1131 536 nostro

98 558 259 641 consequi
280 562 441 641 poterant

142 643 171 706 2.
216 643 278 706 His
299 642 428 705 nunciis
461 640 645 725 litterisque
674 647 857 704 commotus
892 639 1015 704 Caesar
1048 641 1131 705 duas

97 727 246 814 legiones
269 729 303 790 in
326 727 476 790 citeriore
500 725 607 803 Gallia
628 748 733 789 novas
757 726 976 810 lconscripsit
999 735 1032 789 et
1052 727 1133 789 inita

98 822 227 878 aestate
248 813 282 875 in
304 812 491 875 interiorem
515 811 655 875 Galliam
678 812 734 895 qui
757 811 951 886 deduceret,
975 810 1132 891 Quintum

97 898 238 964 Pedium
264 898 409 983 legatum
436 898 532 960 misit.
576 897 670 981 lpse,
698 897 820 979 ²quum
846 898 987 980 primum
1019 897 1132 980 pabuli

98 985 197 1068 copia
220 1005 295 1046 esse
317 983 483 1066 inciperet,
507 982 551 1045 ad
563 983 742 1045 exercitum
758 984 861 1058 venit,
886 983 944 1045 dat
966 983 1133 1066 negotium

99 1070 289 1135 Senonibus
311 1069 515 1152 reliquisque
540 1066 654 1142 Gallie,
678 1069 733 1152 qui
756 1068 881 1130 finitimi
902 1068 1014 1152 Belgis
1031 1076 1132 1143 erant,

98 1157 149 1218 uti
172 1175 219 1230 ea,
243 1175 328 1237 quae
351 1152 441 1237 apud
464 1176 523 1216 eos
545 1162 714 1238 gerantur,
738 1160 942 1237 cognoscant
964 1173 1066 1236 seque
1090 1153 1132 1217 de

98 1241 153 1304 his
181 1241 282 1304 rebus
317 1240 489 1302 certiorem
521 1238 651 1302 faciant.
706 1239 989 1302 Hi·³constanter
1019 1260 1132 1302 omnes

98 1327 352 1399 nunciaverunt,
385 1346 501 1387 manus
524 1326 613 1408 cogi,
647 1325 824 1388 exercitum
845 1325 879 1387 in
901 1346 1001 1386 unum
1024 1323 1134 1388 lociun

99 1411 251 1476 conduci.
295 1409 402 1473 ⁴¹Tum
424 1432 504 1473 vero
529 1409 745 1473 dubitandum
756 1431 823 1472 non
835 1409 1041 1484 existimavit,
1055 1412 1134 1495 quin

101 1497 146 1561 ad
169 1518 228 1560 eos
249 1495 526 1580 proficisceretur.
570 1494 620 1558 Re
641 1494 853 1558 frumentaria
876 1504 1065 1578 comparata
1082 1519 1133 1560 ca·

100 1592 172 1647 stra
192 1589 305 1644 movet
329 1580 512 1665 diebusque
536 1581 663 1644 circiter
687 1580 873 1664 quindecim
895 1579 938 1643 ad
962 1580 1043 1644 fines
1058 1582 1133 1645 Bel-

100 1689 217 1756 garum
238 1667 395 1751 pervenit.

145 1754 174 1818 3.
220 1753 271 1816 Eo
295 1773 395 1836 quum
419 1752 461 1815 de
482 1751 663 1834 improviso
692 1751 918 1834 ¹celeriusque
948 1754 1035 1815 omni
1064 1754 1133 1836 opi-

100 1841 199 1903 nione
221 1839 383 1912 venisset,
411 1838 519 1912 Remi,
549 1837 605 1920 qui
631 1837 773 1921 proximi
803 1835 928 1901 Galhac
959 1860 999 1900 ex
1020 1838 1132 1924 Belgis

102 1937 187 2000 sunt,
211 1923 255 1986 ad
278 1944 352 1987 eum
373 1923 502 2008 legatos
524 1923 644 1987 Iccium
669 1930 701 1985 et
722 1922 1034 2000 Andocumborium‚
1068 1925 1133 2008 pri-

100 2033 174 2074 mos
198 2009 348 2084 civitatis,
371 2010 538 2082 miserunt,
562 2009 618 2092 qui
641 2007 795 2081 dicerent,
818 2008 874 2071 ²se
887 2031 1013 2092 suaque
1026 2011 1134 2073 onmia

100 2099 133 2160 in
156 2094 256 2159 fidem
280 2103 380 2178 atque
402 2095 435 2156 in
463 2101 663 2178 potestatem
690 2094 806 2178 populi
834 2094 974 2157 Romani
1003 2097 1133 2179 permit-

100 2191 180 2256 tere,
202 2201 310 2264 neque
334 2202 369 2243 se
395 2202 469 2242 cum
490 2179 602 2264 Belgis
625 2179 760 2263 reliquis
784 2181 1004 2255 consensisse,
1026 2203 1133 2265 neque

102 2275 220 2331 contra
240 2267 402 2350 populum
413 2265 598 2328 Romanum
614 2264 815 2349 conjurasse,
839 2273 1042 2350 paratosque
1059 2289 1133 2330 esse

102 2363 136 2417 et
159 2351 295 2415 obsides
320 2350 399 2414 dare
423 2359 456 2414 et
476 2352 635 2434 imperata
651 2350 760 2412 facere
784 2359 816 2413 et
839 2349 972 2434 oppidis
987 2353 1134 2436 recipere

102 2447 136 2502 et
157 2437 321 2501 frumento
345 2437 528 2518 ceterisque
556 2437 657 2499 rebus
681 2437 815 2520 juvare3
843 2436 990 2519 reliquos
1020 2460 1133 2501 omnes

101 2522 224 2608 Belgas
247 2524 280 2584 in
303 2523 400 2585 armis
424 2543 514 2596 esse,
538 2520 801 2604 Germanosque,
835 2522 891 2605 qui
914 2523 960 2584 cis
983 2523 1134 2587 Rhenum

101 2609 256 2683 incolant,
291 2629 365 2671 sese
400 2629 473 2670 cum
505 2606 557 2669 his
582 2607 810 2692 conjunxisse,
844 2615 1036 2692 tantumque
1059 2631 1134 2672 esse

103 2715 218 2759 eorum
252 2693 395 2756 omnium
428 2692 587 2766 furorem,
620 2700 657 2755 ut
684 2713 726 2755 ne
753 2692 951 2755 Suessiones
987 2693 1133 2777 quidem,

101 2779 223 2843 fratres
248 2778 576 2863 consanguineosque
600 2799 690 2851 suoS,
715 2778 770 2861 qui
794 2777 911 2841 codem
928 2779 1003 2863 jure
1027 2787 1059 2842 et
1080 2780 1134 2842 iis·

105 2865 180 2928 dem
203 2865 331 2948 legibus
354 2872 504 2938 utantur,
534 2885 633 2926 unum
655 2863 825 2946 imperium
846 2885 1012 2948 umnnque
1035 2864 1134 2946 magi-

103 2957 243 3013 stratum
266 2969 340 3011 oum
361 2949 444 3032 ipsis
467 2948 626 3023 habeant,
660 2948 828 3012 deterrere
849 2951 1032 3034 potuerint,
1057 2945 1135 3034 quin

103 3056 178 3097 cum
198 3034 250 3096 his
275 3034 503 3097 consentirent.

145 3119 174 3182 4.
220 3117 330 3198 Quum
353 3120 394 3182 ab
416 3118 469 3180 his
493 3126 673 3202 quaereret,
697 3139 781 3202 quae
804 3120 954 3184 civitates
979 3128 1134 3206 quantae-

103 3203 223 3288 quein
247 3205 344 3266 armis
368 3211 480 3267 essent
503 3213 536 3267 et
558 3204 638 3287 quid
659 3205 692 3267 in
713 3205 802 3269 bello
828 3215 977 3289 possent,
1000 3207 1069 3269 ¹sie
1083 3228 1133 3269 re-

129 3289 266 3353 eriebat:
299 3289 479 3373 plerosque
512 3288 632 3374 Belgas
667 3311 741 3352 esse
776 3299 868 3354 ortos
898 3292 939 3355 ab
964 3291 1134 3354 Germanis

102 3312 322 3458 llhenumque
346 3375 525 3458 antiquitus
548 3373 720 3438 traductos
743 3385 881 3459 propter
904 3378 968 3440 loci
986 3376 1134 3439 fertilita-

102 3468 170 3545 tem
192 3460 237 3523 ibi
261 3457 455 3523 consedisse
479 3458 675 3544 Gallosque,
700 3461 755 3543 qui
779 3482 818 3523 ea
842 3461 917 3524 loca
938 3461 1134 3537 incolerent,

104 3545 274 3628 expulisse
299 3545 459 3628 solosque
482 3566 570 3618 esse,
605 3547 660 3627 qui
693 3554 825 3629 patrum
856 3554 1046 3609 nostrorum
1068 3569 1135 3610 me-

103 3630 209 3692 moria
231 3630 319 3693 omni
343 3629 450 3692 Gallia
471 3638 592 3692 vexata
613 3629 787 3693 Teutonos
811 3629 1028 3716 Cimbrosque
1049 3633 1136 3696 intra

103 3713 187 3777 fines
211 3736 291 3777 suos
314 3713 441 3800 ingredi
474 3714 718 3798 prohibuerint3
753 3737 819 3798 qua
842 3738 940 3778 exre
968 3717 1053 3794 fieri,
1087 3719 1135 3782 uti

104 3820 216 3885 earum
238 3821 346 3863 rerum
368 3801 524 3863 memoria
543 3821 695 3884 magnam
718 3800 781 3864 sibi
815 3803 1042 3866 auctoritatem
1068 3825 1134 3866 ma·

102 3905 256 3970 gnosque
278 3885 413 3968 spiritus
436 3885 469 3948 in
490 3906 527 3949 re
547 3885 678 3948 militari
701 3894 876 3950 sumerent.
925 3887 977 3952 De
998 3909 1133 3952 numero
