2468 4312
83 215 139 281 ”46
449 237 492 278 nn
514 237 617 279 annuo
641 236 779 278 eunuco

100 368 217 434 Gallus
239 368 274 432 in
296 367 522 443 Coriosolitas,
546 365 689 446 Quintus
712 367 871 432 Velanius
895 390 968 431 cum
983 367 1062 432 Tito
1078 368 1129 433 Si·

97 455 143 518 lio
166 455 199 517 in
221 453 382 517 Venetos.

142 539 171 604 8.
216 538 325 624 Hujus
349 547 401 601 est
423 538 564 601 civitatis
593 537 691 622 longe
719 538 922 621 amplissima
949 539 1128 602 auctoritas

100 624 205 689 omnis
229 645 306 687 orae
328 624 506 686 maritimae
528 623 698 708 regionum
715 644 834 696 earum,
858 622 949 705 quod
972 634 1005 686 et
1027 645 1129 687 naves

99 709 224 773 habent
247 708 365 772 Veneti
387 708 554 792 plurimae,
577 708 698 790 quibus
720 708 754 771 in
775 708 974 770 Britanniam
998 710 1130 793 naviga·

99 816 137 858 re
159 803 370 868 consuerunt,
393 802 427 855 et
448 792 586 855 scientia
607 801 707 876 atque
730 815 794 856 usu
804 794 1004 856 nauticarum
1021 814 1130 856 rerum

99 879 246 962 reliquos
269 877 477 962 antecedunt·
490 885 524 940 et
546 876 600 940 ¹in
621 898 739 961 magno
762 878 886 961 impetu
908 878 1006 940 maris
1031 887 1130 961 atque

99 975 216 1048 aperto
250 963 365 1046 paucis
399 963 550 1046 portibus
584 962 773 1045 interjectis
807 978 892 1046 quos
922 970 1034 1026 tenent
1056 963 1130 1046 ipsi,

101 1069 215 1111 omnes
237 1046 316 1117 fere.
339 1049 395 1130 qui
417 1068 457 1110 eo
480 1047 560 1109 mari
582 1047 630 1109 uti
653 1055 862 1120 consuerunt,
886 1047 1009 1111 habent
1032 1049 1130 1111 vecti·

100 1133 202 1218 galas,
247 1133 319 1195 ²Ab
342 1132 395 1196 his
417 1131 455 1194 fit
475 1131 600 1193 initium
622 1131 784 1194 retinendi
816 1131 887 1195 Silii
909 1142 1008 1214 atque
1030 1131 1131 1196 Vela·

100 1219 153 1292 nii,
176 1216 269 1300 quod
290 1239 350 1300 per
372 1237 431 1279 eos
454 1237 536 1279 suos
565 1237 602 1278 se
631 1215 776 1290 obsides
805 1237 891 1300 quos
921 1216 1043 1280 Crasso
1074 1217 1131 1280 de·

101 1301 238 1376 dissent,
270 1309 523 1385 recuperaturos
557 1301 795 1365 existimabant.
839 1301 967 1364 Horum
989 1302 1131 1365 auctori·

100 1395 169 1451 tate
191 1386 316 1449 finitimi
338 1384 483 1459 adducti,
506 1386 562 1448 ³ut
587 1394 666 1448 sunt
694 1384 866 1449 Gallorum
894 1387 1004 1449 subita
1026 1397 1059 1449 et
1080 1408 1131 1450 re-

101 1471 236 1556 pentina
256 1471 402 1546 consilia,
426 1469 540 1534 eadem
553 1469 595 1533 de
610 1491 711 1533 causa
723 1469 880 1533 Trebium
891 1470 1131 1534 Terrasidium-

101 1577 167 1640 que
189 1555 331 1619 retinent
352 1563 386 1618 et
409 1555 558 1618 celeriter
579 1556 689 1618 missis
717 1555 834 1640 legatis
857 1577 918 1639 per
940 1576 1021 1619 sues
1043 1556 1131 1640 prin·

101 1642 193 1725 cipes
216 1641 300 1703 inter
322 1662 360 1703 se
382 1640 564 1724 conjurant,
596 1639 677 1702 nihil
710 1641 773 1703 nisi
805 1641 969 1704 communi
992 1640 1130 1704 consilio

101 1735 236 1790 acturos
259 1724 465 1808 eundemque
488 1724 593 1788 omnis
615 1724 767 1788 fortunae
794 1726 917 1788 exitum
944 1724 1021 1788 esse
1048 1726 1132 1789 latu·

100 1832 174 1886 ros3
196 1810 408 1894 reliquasque
430 1810 580 1873 civitates
603 1809 789 1885 sollicitant
812 1819 850 1873 ut
870 1811 955 1874 inea
972 1811 1132 1887 libertate,

101 1896 222 1979 5quam
243 1916 264 1957 a
286 1896 465 1979 majoribus
495 1916 571 1958 acce
597 1902 697 1970 erant,
750 1914 916 1959 ermenere
945 1917 1043 1978 quam
1065 1895 1132 1960 Ro·

102 2000 274 2044 manorum
296 1980 487 2043 servitutem
511 2000 553 2063 pe
586 1999 656 2042 erre
678 1917 821 2043 mallent.
866 1979 963 2043 Omni
986 2001 1044 2043 ora
1066 1998 1132 2043 ma-

103 2065 210 2128 ritima
232 2064 382 2128 celeriter
407 2063 451 2126 ad
473 2085 567 2126 suam
589 2066 785 2128 seutentiam
807 2064 968 2148 perducta
991 2087 1134 2128 commu-

102 2170 176 2212 nem
206 2148 401 2233 legationem
429 2147 473 2211 ad
503 2148 539 2211 P.
563 2146 719 2213 Crassum
744 2151 889 2213 mittunt:
917 2153 945 2213 si
974 2151 1046 2214 velit
1064 2172 1134 2215 utor

102 2235 245 2317 recipere,
268 2233 385 2296 obsides
405 2234 464 2297 sibi
485 2236 623 2298 rernittot.

145 2319 174 2383 9.
221 2317 349 2397 Quibus
373 2319 415 2382 de
442 2320 543 2383 rebus
572 2317 694 2382 Caesar
721 2320 763 2384 ab
793 2319 914 2384 Crasso
943 2320 1064 2384 certior
1086 2318 1133 2383 fa·

103 2411 187 2474 ctus,
211 2401 304 2486 quod
325 2404 397 2487 ipse
420 2404 533 2467 aberat
554 2403 695 2489 longius,
719 2403 839 2468 ¹naves
865 2407 993 2468 interim
1015 2406 1133 2489 longas

104 2487 269 2550 aedificari
290 2488 323 2550 in
345 2487 475 2551 ilumine
497 2487 623 2573 ligere,
646 2488 739 2572 quod
763 2488 869 2553 intluit
895 2492 929 2553 in
957 2489 1133 2564 Oceanum,

103 2573 242 2656 remiges
266 2593 307 2636 ex
329 2573 499 2657 provincia
520 2573 654 2648 institui,
688 2584 806 2637 nautas
828 2576 1134 2660 gubernatoresque

104 2658 288 2740 comparari
311 2658 416 2741 jubet.
472 2656 553 2720 ²His
581 2658 681 2721 rebus
715 2659 865 2722 celeriter
898 2659 1132 2723 administratis

103 2742 186 2825 ipse,
209 2763 311 2825 quum
332 2743 472 2825 primum
472 2763 554 2890 Vper
576 2743 651 2805 anni
672 2751 804 2826 tempus
827 2746 944 2828 potuit,
974 2744 1018 2808 ad
1041 2764 1133 2806 exer-

104 2826 205 2889 citum
237 2826 414 2890 contendit.
504 2827 589 2890 eneti
621 2827 832 2913 reliquaeque
864 2830 941 2892 item
974 2830 1134 2903 civitates,

105 2912 238 2994 cognito
262 2909 413 2974 Caesaris
425 2910 568 2974 adventu
592 2912 782 2996 [³certiores
804 2913 894 2998 facti]
913 2915 1010 2977 simul
1032 2911 1134 2996 quod,

103 2997 283 3078 ⁴quantum
323 2997 357 3058 in
396 3017 433 3058 se
471 2996 598 3059 facinus
640 2996 865 3073 admisissent,
908 2998 1135 3083 intelligebant

105 3080 261 3164 (legatos,
296 3080 389 3163 quod
420 3101 539 3144 nomen
572 3079 616 3143 ad
649 3103 762 3145 omnes
801 3084 951 3146 nationes
985 3093 1135 3146 sanctum

105 3164 362 3247 inviolatumque
395 3186 526 3249 semper
558 3163 685 3241 firisset,
713 3175 860 3230 retent-os
890 3168 931 3230 ab
966 3189 1003 3230 se
1037 3175 1069 3230 et
1101 3167 1136 3230 in

101 3248 237 3312 *vincula
270 3249 461 3334 conjectos),
494 3271 557 3333 pro
591 3251 814 3334 magnitudine
847 3253 985 3335 periculi
1012 3251 1136 3314 bellum

105 3354 222 3418 parare
245 3343 278 3397 et
299 3335 439 3398 maxime
462 3355 508 3410 ea,
532 3354 616 3417 quae
632 3334 677 3398 ad
690 3357 786 3398 usum
808 3338 939 3400 navium
961 3337 1135 3421 pertinent,

104 3418 281 3503 providere
302 3419 486 3493 instituunt,
519 3418 585 3481 hoc
617 3419 741 3504 majore
770 3440 839 3504 spe,
874 3421 966 3504 quod
998 3422 1136 3483 multum

105 3512 222 3566 natura
244 3503 309 3565 loci
332 3503 551 3566 confidebant.
596 3502 789 3567 ⁵Pedestria
822 3527 897 3569 esse
919 3506 1036 3569 itinera
1059 3526 1136 3568 con·

107 3589 177 3650 cisa
210 3589 392 3663 aestuariis,
425 3587 666 3672 navigationem
697 3589 886 3673 impeditam
919 3599 1057 3675 propter
1088 3591 1136 3651 in·

108 3673 276 3735 scientiam
298 3672 448 3736 locorum
470 3672 733 3757 paucitatemque
753 3681 910 3758 portuum
922 3675 1070 3738 sciebant
1080 3695 1136 3736 ne·

108 3778 172 3854 que
195 3766 330 3820 nostros
355 3757 518 3820 exercitus
548 3765 686 3841 propter
713 3756 867 3821 frumenti
893 3760 1036 3843 inopiam
1065 3757 1137 3820 diu·

107 3851 173 3906 tius
196 3841 286 3926 apud
314 3862 351 3906 se
378 3843 498 3906 morari
530 3862 633 3926 posse
663 3841 888 3921 confidebant;
921 3842 980 3906 ⁰ac
1001 3843 1072 3928 jam
1099 3850 1138 3906 ut
