2468 4312
137 230 197 298 132
481 255 522 295 ns
546 236 647 295 aaran
673 239 836 294 onrztreo'

134 387 588 472 frumentariam-expedisset.
619 387 663 450 At
682 386 932 471 Vercingetorix
948 385 1064 449 castris
1081 407 1157 469 pro-

133 497 176 560 pe
200 474 356 559 oppidum
381 475 497 558 positis
520 473 739 536 mediocribus
764 474 882 534 circum
905 493 942 534 se
961 472 1157 534 intervallis

136 561 308 645 separatim
339 560 538 644 singularum
572 559 747 622 ciiitatium
781 558 893 640 copias
927 557 1157 638 collocaverat,

136 655 233 729 atque
257 646 406 708 omnibus
431 645 501 730 eius
520 645 591 729 jugi
614 644 753 707 collibus
782 644 959 727 occupatis,
993 643 1079 726 ³qua
1101 643 1158 705 de-

136 731 218 816 spici
240 740 378 816 poterat,
402 730 588 793 horribilem
610 730 752 814 speciem
770 730 955 812 praebebat,
978 729 1159 812 principes-

137 839 201 900 que
224 836 333 879 earum
357 816 542 883 civitatium,
566 837 651 899 quos
674 815 735 878 sibi
759 813 802 877 ad
825 815 996 879 consilium
1029 815 1159 898 capien-

137 902 214 965 dum
237 901 411 987 delegerat,
435 901 537 985 prima
558 900 630 963 luce
654 899 907 983 quotidieadse
925 901 1065 985 jubebat
1081 922 1159 963 con·
1200 952 1206 965 .

135 988 254 1062 venire,
278 1008 337 1050 seu
361 986 440 1069 quid
473 985 781 1063 communicandum,
819 1008 878 1048 seu
912 986 991 1069 quid
1024 985 1160 1048 admini-

136 1072 305 1136 strandum
328 1072 502 1147 videretur,
524 1092 630 1156 neque
651 1072 753 1134 ullum
775 1069 843 1134 fere
867 1071 950 1134 diem
968 1072 1161 1134 intermitte·

136 1160 202 1227 bat,
226 1159 303 1240 quin
327 1159 470 1241 equestri
492 1157 619 1240 proelio
645 1157 835 1242 interjectis¹
858 1159 1043 1242 sagittariis,
1077 1157 1161 1240 quid

135 1244 169 1307 iu
193 1265 324 1327 quoque
348 1253 437 1306 esset
459 1243 554 1306 animi
578 1262 615 1305 ac
636 1243 767 1305 virtutis
790 1264 933 1314 suorum,
959 1243 1161 1326 periclitare-

136 1339 198 1392 tur.
244 1329 324 1392 Erat
347 1350 364 1392 e
386 1329 519 1414 regione
542 1328 656 1412 oppidi
685 1329 779 1391 collis
803 1329 864 1391 sub
887 1329 968 1412 ipsis
991 1328 1160 1391 radicibus

137 1416 257 1478 montis
281 1415 409 1500 egregie
436 1413 578 1476 munitus
613 1423 711 1496 atque
735 1436 775 1476 ex
798 1413 883 1475 omni
906 1424 1000 1497 parte
1022 1415 1160 1476 circum-

139 1503 236 1571 cisus,
260 1521 353 1583 quem
378 1500 405 1562 si
427 1508 575 1562 tenerent
597 1500 710 1571 nostri,
744 1509 777 1561 et
798 1520 902 1582 aquae
927 1521 1042 1584 magna
1064 1508 1161 1583 parte

117 1595 171 1649 ¹et
205 1586 412 1671 pabulatione
447 1585 547 1646 libera
579 1583 772 1668 prohibituri
807 1584 921 1648 hostes
954 1584 1162 1648 videbantur.

137 1671 205 1735 Sed
227 1673 255 1734 is
278 1672 371 1734 locus
393 1669 559 1754 praesidio
594 1670 634 1732 ab
668 1670 719 1731 his
748 1691 814 1733 non
836 1670 930 1732 nimis
952 1671 1046 1734 firmo
1070 1683 1162 1734 tene·

137 1759 242 1820 batur.
286 1755 410 1819 Tamen
434 1755 562 1818 silentio
585 1756 690 1817 noctis
715 1753 835 1818 Caesar
858 1776 898 1817 ex
915 1757 1032 1819 castris
1050 1777 1161 1841 egres·

138 1864 204 1915 sus
228 1842 416 1926 priusquam
440 1839 589 1903 subsidio
613 1861 654 1902 ex
676 1839 800 1923 oppido
822 1841 925 1903 veniri
948 1853 1073 1925 posset,
1104 1841 1162 1905 de·

133 1928 224 2013 jecto
246 1925 412 2010 praesidio
435 1925 560 2009 potitus
591 1925 664 1988 loco
698 1925 780 1993 dua-s
813 1927 856 1989 ibi
881 1926 1026 2012 legiones
1056 1928 1161 1990 collo·

138 2014 224 2076 cavit
246 2011 435 2093 fossamque
458 2009 621 2094 duplicem
644 2010 830 2079 duodenum
842 2013 963 2096 pedum
988 2034 1007 2075 a
1028 2013 1161 2098 majori·

137 2100 200 2161 bus
224 2097 341 2159 castris
364 2096 405 2159 ad
429 2096 554 2158 minora
575 2096 738 2179 perduxit,
760 2109 797 2159 ut
818 2106 891 2160 tuto
918 2100 958 2160 ab
987 2099 1161 2182 repentino

138 2184 281 2246 hostium
303 2181 437 2244 incursu
460 2181 555 2243 etiam
578 2181 697 2262 singuli
719 2203 898 2250 commeare
925 2194 1071 2267 possent.

181 2268 230 2332 37.
274 2268 361 2330 Dum
383 2267 465 2329 haec
487 2266 530 2329 ad
554 2261 748 2351 Gergoviam
771 2282 934 2352 geruntur,
961 2269 1163 2332 Convictoli-

137 2354 221 2417 tavis
245 2351 413 2425 Haeduae,
447 2352 498 2415 cui
532 2352 754 2436 magistratum
787 2353 1008 2438 adjudicatum
1038 2376 1055 2417 a
1080 2354 1163 2418 Cae·

139 2461 212 2503 sare
235 2424 538 2508 dduoristravimus,
562 2437 756 2501 sollicitatus
779 2440 820 2501 ab
845 2441 999 2507 Arvernis
1022 2443 1164 2524 pecunia

139 2547 212 2587 cum
240 2523 437 2610 quibusdam
471 2522 737 2586 adolescentibus
774 2525 982 2608 colloquitur,
1020 2548 1163 2609 quorum

140 2620 209 2673 erat
231 2611 383 2694 princeps
406 2608 571 2671 Litavicus
596 2620 693 2692 atque
717 2610 787 2694 ejus
810 2609 936 2682 fratres
960 2612 1163 2695 amplissima

138 2694 259 2758 familia
280 2695 346 2758 nati
370 2694 607 2757 adolescentes,
652 2694 731 2757 Cum
755 2695 805 2757 his
828 2697 1004 2780 praemium
1018 2720 1163 2761 commu·

139 2782 225 2843 nicat
246 2781 472 2862 hortaturque,
494 2791 528 2842 at
546 2804 578 2842 se
600 2780 707 2842 liberos
729 2791 757 2842 et
776 2782 905 2866 irnperio
937 2794 1024 2846 natos
1056 2787 1163 2847 memi-

139 2870 256 2949 aaa'ot5
276 2888 371 2928 anain
392 2889 453 2928 esse
474 2865 673 2928 Haeduorum
696 2868 851 2946 civitatem,
874 2871 1164 2952 generalissimam

141 2952 266 3015 Galliac
286 2953 444 3015 uictoriam
467 2951 623 3032 distineal,·
643 2955 705 3033 esim
727 2956 903 3016 arcator-itate
924 2955 1058 3040 reliquas
1090 2978 1163 3019 eoa·

139 3039 236 3117 lineri,
260 3060 321 3123 qao
343 3037 483 3101 traducta
505 3037 602 3098 locam
625 3039 802 3101 considendi
823 3041 973 3103 Romania
995 3043 1028 3103 ia
1052 3041 1164 3106 Gallia

139 3145 200 3184 aaa
213 3123 294 3209 fore.
338 3123 414 3187 Erae
435 3123 580 3184 aonfoallo
611 3146 643 3186 ee
677 3125 816 3187 caesarii
849 3125 988 3213 beneficio
1011 3127 1161 3214 affeclraa,

139 3210 184 3270 sic
205 3220 311 3288 laroea,
334 3220 368 3271 at
378 3209 579 3290 justissimam
612 3209 698 3292 apud
729 3232 796 3272 erim
828 3233 953 3273 canaam
985 3213 1164 3296 obtinueri&

139 3293 192 3355 sed
207 3295 281 3378 plan
303 3296 453 3356 commoni
474 3293 605 3355 libertati
627 3295 772 3357 tribuere:
794 3319 849 3357 car
863 3298 942 3358 enim
960 3298 1162 3381 potireeHae·

137 3379 194 3441 dici
215 3379 253 3441 de
273 3400 327 3441 aaa
340 3382 414 3461 jare
436 3379 521 3441 etde
543 3378 654 3461 lepidos
677 3381 719 3441 ad
742 3382 900 3443 Caesarem
922 3383 1161 3466 disceptatorem,

140 3487 231 3548 qaam
253 3466 388 3529 Romani
410 3464 453 3527 ad
473 3463 618 3527 Haeduos
632 3464 774 3528 veniant?
795 3465 951 3529 Celeriter
968 3468 1163 3534 adolescen-

140 3549 227 3611 tibus
263 3559 295 3613 et
328 3550 474 3612 oratione
506 3549 716 3633 magistratus
750 3559 783 3612 et
813 3553 958 3635 praemio
993 3553 1163 3631 deductiS,

141 3654 239 3715 quum
262 3656 298 3697 se
319 3635 373 3697 vel
396 3635 560 3719 principes
585 3635 655 3718 ejus
678 3636 802 3698 consilii
824 3636 896 3700 fore
919 3640 1162 3721 profiterentur.

140 3720 222 3780 ratio
245 3719 432 3802 perliniendi
454 3721 680 3803 quaerebatur,
715 3720 805 3803 quod
837 3723 1001 3786 civitatem
1038 3735 1163 3791 tenrere

140 3802 183 3865 ad
207 3804 447 3887 suscipiendum
469 3805 590 3868 bellum
612 3804 731 3868 adduci
747 3828 848 3890 posse
863 3830 927 3871 nou
941 3811 1161 3878 confidebant.

141 3887 276 3962 Placuit,
298 3899 335 3951 ut
356 3889 522 3954 Litavicus
545 3890 657 3954 decem
680 3891 744 3955 illis
767 3893 905 3970 milibus,
928 3917 1016 3980 quae
1029 3898 1163 3964 Caesari
