2468 4312
110 203 152 268 92
463 225 630 266 canarno
654 223 791 266 csnmco

153 357 203 422 48.
249 355 371 419 Caesar
404 356 542 419 consilio
577 354 649 439 ejus
681 358 834 438 probato,
869 355 951 419 ¹etsi
986 356 1143 440 opinione

110 441 207 504 trium
231 442 396 526 legionum
418 441 568 524 dejectus
581 439 622 503 ad
636 438 719 502 duas
742 440 893 514 redierat,
917 449 1024 503 tamen
1043 463 1145 504 unum

111 527 292 589 communis
317 526 433 588 salutis
457 526 613 588 auxilium
635 526 668 586 in
691 525 857 588 celeritate
882 527 1036 608 ponebat.
1077 526 1145 589 Ve-

110 611 159 674 nit
179 611 306 696 magnis
329 611 499 676 itineribus
534 611 566 673 in
599 610 796 673 Nerviorum
817 611 909 672 fines.
954 611 1003 674 lbi
1027 633 1067 673 ex
1092 633 1145 674 ca-

110 696 211 779 ptivis
236 696 415 780 cognoscit,
439 717 522 778 quae
545 695 635 778 apud
659 693 847 757 Ciceronem
874 703 1029 780 gerantur
1042 717 1145 778 quan-

111 790 214 863 toque
236 780 269 843 in
292 781 439 864 periculo
463 802 516 843 res
541 781 592 843 sit.
647 779 734 842 Tum
760 780 889 842 cuidam
912 802 954 842 ex
977 780 1144 864 equitibus

113 863 218 928 Gallis
241 866 367 950 magnis
390 866 543 949 praemiis
572 865 760 948 persuadet,
794 866 842 928 uti
875 864 918 928 ad
953 864 1146 928 Ciceronem

113 950 287 1034 epistolam
311 948 444 1013 deferat.
489 950 603 1012 ²Hanc
628 947 762 1014 Graecis
786 951 1007 1033 conscriptam
1025 951 1144 1014 litteris

112 1035 218 1110 mittit,
241 1057 282 1097 ne
304 1036 485 1119 intercepta
508 1035 649 1118 epistola
672 1044 788 1098 nostra
809 1036 850 1098 ab
877 1035 1032 1098 hostibus
1067 1057 1146 1098 con-

112 1120 186 1183 silia
208 1130 460 1204 cognoscantur.
516 1120 550 1183 si
577 1118 669 1182 adire
702 1141 769 1182 non
802 1121 920 1203 possit,
954 1129 1073 1195 monet,
1108 1129 1146 1183 ut

111 1204 274 1289 tragulam
297 1226 370 1268 cum
394 1205 536 1289 epistola
558 1203 601 1266 ad
624 1217 786 1267 amentum
811 1205 954 1289 deligata
975 1206 1062 1267 intra
1076 1227 1146 1267 mu·

112 1290 268 1353 nitionem
291 1298 476 1353 castrorum
498 1289 637 1373 abjiciat.
682 1290 719 1352 ln
742 1290 859 1352 litteris
873 1290 995 1364 scribit,
1019 1311 1146 1353 secum

111 1373 297 1471 legionibus
321 1374 505 1458 profectum
527 1375 676 1437 celeriter
699 1373 814 1448 affore,
836 1373 997 1448 hortatur,
1020 1384 1058 1437 ut
1079 1371 1169 1458 pri?

113 1467 231 1522 stinam
254 1460 407 1522 virtutem
429 1460 575 1523 retineat.
622 1458 739 1522 Gallus
761 1459 944 1542 periculum
960 1460 1094 1534 veritus,
1109 1467 1147 1523 ut

114 1545 185 1608 erat
206 1554 426 1628 praeceptum,
449 1545 611 1629 tragulam
632 1545 737 1607 mittit.
794 1546 886 1608 Haec
909 1566 989 1607 casu
1012 1543 1056 1607 ad
1077 1554 1147 1607 tur-

112 1630 172 1693 rim
196 1629 348 1693 adhaesit
369 1652 476 1713 neque
499 1632 540 1693 ab
564 1631 688 1692 nostris
711 1629 813 1693 biduo
837 1629 1067 1693 animadversa
1081 1639 1147 1692 ter·

113 1715 160 1778 tio
185 1714 238 1778 die
260 1737 280 1777 a
302 1714 448 1799 quodam
470 1716 571 1778 milite
594 1716 809 1798 conspicitum
834 1714 967 1798 dempta
990 1714 1033 1777 ad
1057 1713 1147 1778 Cice-

113 1821 226 1862 ronem
240 1800 394 1864 defertur.
437 1801 497 1864 Ille
520 1801 698 1884 perlectam
713 1801 746 1863 in
768 1810 933 1863 conventu
944 1800 1081 1862 militum
1097 1822 1148 1863 re·

114 1885 194 1947 citat
211 1887 416 1968 maximaque
439 1908 552 1948 omnes
576 1886 700 1948 laetitia
722 1884 830 1948 afficit.
874 1884 983 1947 “Tum
1004 1884 1084 1947 fumi
1098 1887 1147 1948 in·

114 1969 307 2033 cendiorum
329 1971 448 2053 procul
469 1970 675 2045 videbantur,
699 1991 849 2054 quaeres
866 1991 993 2033 omnem
1017 1970 1148 2033 dubita-

114 2055 237 2117 tionem
259 2054 422 2118 advcntus
445 2055 610 2140 legionum
633 2056 768 2138 expulit.

157 2139 208 2202 49.
254 2137 340 2202 Galli
362 2161 399 2202 re
422 2141 553 2224 cognita
585 2161 645 2224 per
678 2142 907 2223 exploratores
939 2140 1146 2204 obsidionem

114 2223 311 2306 relinquunt,
345 2224 388 2287 ad
422 2223 596 2288 Caesarem
629 2226 780 2289 omnibus
804 2226 909 2308 copiis
933 2224 1145 2289 contendunt.

115 2308 207 2371 ¹Hae
229 2317 322 2372 erant
343 2318 489 2373 armatae
513 2311 641 2373 circiter
663 2311 750 2372 inilia
772 2333 823 2372 nx.
869 2309 983 2373 Cicero
1005 2310 1085 2372 data
1100 2309 1147 2374 fa·

115 2394 238 2457 cultate
261 2392 391 2457 Gallum
414 2395 455 2456 ab
479 2394 596 2458 eodem
626 2393 810 2469 Verticone,
845 2415 942 2477 quem
964 2416 1067 2478 supra
1090 2394 1147 2458 de-

113 2479 378 2558 monstravimus
402 2481 529 2563 repetit,
553 2479 609 2562 qui
631 2479 759 2542 litteras
783 2478 826 2542 ad
856 2478 1029 2542 Caesarem
1062 2479 1146 2544 refe-

114 2571 173 2625 rat.
218 2563 316 2626 Hunc
349 2564 512 2638 admonet,
545 2564 607 2628 iter
641 2573 735 2627 caute
769 2563 1007 2648 diligenterque
1038 2563 1146 2628 faciat.

113 2647 294 2712 Perscribit
314 2650 347 2711 in
370 2649 496 2720 litteris,
520 2649 656 2711 ²hostes
680 2651 720 2712 ab
738 2671 775 2712 se
791 2649 990 2712 discessisse
1002 2671 1145 2712 omnem-

116 2752 180 2830 que
203 2732 246 2794 ad
269 2755 341 2796 eum
364 2733 605 2797 multitudinem
628 2735 840 2797 convertisse.
887 2732 1036 2812 ³Quibus
1061 2735 1146 2797 litte·

114 2838 160 2880 ris
184 2817 312 2879 circiter
335 2818 441 2880 media
463 2826 561 2881 nocte
585 2817 706 2881 Caesar
728 2819 836 2880 allatis
860 2840 941 2882 suos
964 2818 1043 2881 facit
1076 2841 1146 2882 cer·

115 2902 216 2964 tiores
241 2922 366 2984 eosque
389 2902 433 2965 ad
455 2902 674 2966 dimicandum
698 2904 804 2966 animo
825 2903 1010 2976 confirmat3
1032 2913 1146 2987 poste·

114 3007 152 3048 ro
178 2985 230 3048 die
252 2986 326 3049 luce
348 2987 452 3071 prima
474 2996 586 3051 movet
608 2996 716 3050 castra
739 3000 772 3050 et
794 2988 922 3050 circiter
949 2988 1037 3050 milia
1070 3009 1148 3071 pas-

115 3091 211 3138 suum
234 3080 390 3154 quattuor
413 3093 613 3156 progressus
636 3079 727 3135 trans
751 3073 870 3134 vallem
892 3093 1041 3135 masuam
1057 3082 1090 3135 et
1103 3073 1146 3135 ri-

115 3177 191 3218 vum
214 3156 454 3219 multitudinem
487 3156 632 3219 hostium
666 3157 885 3240 conspicatur.
931 3120 1013 3220 Crat
1037 3158 1146 3241 magni

113 3241 251 3324 periculi
273 3262 327 3303 res
351 3242 486 3304 tantulis
510 3242 614 3324 copiis
637 3242 750 3323 iniquo
763 3242 838 3303 loco
855 3241 1024 3316 dimicare,
1046 3242 1146 3315 *tum

115 3327 270 3408 quoniam
291 3326 462 3389 liberatum
487 3325 660 3389 obsidione
673 3325 863 3389 Ciceronem
881 3326 1014 3400 sciebat,
1038 3346 1146 3408 aequo

114 3411 221 3473 animo
245 3409 475 3473 remittendum
498 3409 540 3472 dc
562 3410 729 3473 celeritate
748 3410 969 3473 existimabat:
993 3409 1146 3473 consedit

115 3506 148 3560 et
170 3517 268 3578 quam
291 3495 489 3578 aequissimo
511 3494 587 3557 loco
610 3502 724 3578 potest
746 3502 856 3557 castra
877 3495 1063 3569 communit,
1097 3501 1149 3561 at*

115 3601 179 3664 que
202 3580 292 3652 haec,
317 3580 379 3642 etsi
402 3587 494 3641 erant
517 3579 636 3663 exigua
658 3600 717 3661 per
740 3600 786 3653 se,
809 3580 864 3641 vix
887 3579 1054 3642 hominum
1088 3581 1146 3642 mi·

113 3664 193 3727 lium
216 3674 351 3747 septem,
374 3664 588 3747 ⁵praescrtim
610 3664 709 3726 nullis
733 3684 807 3725 cum
823 3663 1073 3747 impedimentis,
1097 3673 1146 3727 ta·

113 3769 188 3812 men
210 3749 370 3832 angustiis
392 3749 526 3822 viarum,
551 3769 646 3830 quam
670 3748 808 3810 maxime
824 3756 946 3831 potest,
971 3749 1145 3824 contrahit,

115 3853 155 3896 eo
179 3834 326 3910 consilio,
360 3840 397 3897 ut
427 3833 461 3896 in
494 3853 653 3896 summam
686 3834 961 3917 contemptionem
989 3833 1144 3898 hostibus
