2468 4312
419 256 480 299 am.
501 256 547 299 111.
592 254 660 298 car.
684 233 820 299 20-24.
1086 235 1127 301 53

92 386 213 461 visset,
245 395 384 450 mortem
416 397 600 464 recusaret,
636 425 671 435 -
704 387 798 450 ⁶cum
831 387 883 450 his
917 387 1127 454 Adiatunnus

92 473 299 555 eruptionem
321 472 430 537 facere
451 481 601 548 conatus,
623 472 767 536 clamore
789 473 830 536 ab
854 494 893 536 ea
915 483 1010 558 parte
1025 475 1128 538 muni·

93 557 193 620 tionis
226 557 369 632 sublato,
403 579 504 640 quum
536 558 582 623 ad
613 579 703 622 arma
735 558 855 621 milites
882 560 1128 623 concurrissent

92 640 369 724 vehementerque
390 643 436 707 ibi
458 653 639 728 pugnaturn
665 650 764 717 esset,
793 642 948 726 repulsus
977 644 1011 706 in
1033 644 1128 727 oppi-

93 725 173 789 dum
196 736 304 790 tamen
326 728 373 790 uti
403 727 517 791 cadem
547 727 725 791 deditionis
754 727 943 790 conditione
971 735 1128 804 uteretur,

92 811 136 874 ab
159 809 283 875 Crasso
304 812 499 896 impetravit.

136 894 188 960 23.
232 897 341 961 Armis
368 897 609 981 obsidibusque
637 896 782 981 acceptis
812 895 954 962 Crassus
982 897 1016 961 in
1044 897 1126 961 fines

93 979 269 1047 Vocatium
281 981 537 1046 et'Tarusatium
558 981 728 1066 profectus
752 990 812 1045 est.
849 981 936 1045 Tum
958 1003 1038 1046 vero
1053 983 1128 1045 bar·

92 1066 166 1131 bari
186 1067 351 1142 commoti,
374 1065 466 1150 quod
489 1066 651 1151 oppidum
673 1077 707 1130 et
727 1075 845 1130 natum
872 1067 939 1130 loci
970 1076 1003 1130 et
1029 1088 1128 1130 manu

93 1151 253 1215 munitum
276 1152 390 1236 paucis
414 1152 541 1226 diebus,
565 1152 705 1235 ¹quibus
730 1173 769 1214 eo
792 1159 926 1215 ventum
959 1160 1042 1225 erat,
1073 1174 1127 1214 ex·

93 1245 276 1320 pugnatum
297 1245 530 1322 cognoverant,
553 1236 680 1321 legatos
704 1237 858 1320 ²quoque
874 1259 1005 1301 versum
1021 1237 1128 1300 dimit·

93 1329 174 1394 terc,
195 1322 378 1406 conjurare,
406 1321 542 1388 obsides
570 1322 654 1385 inter
683 1343 720 1384 se
750 1321 837 1390 dare,
867 1323 980 1406 copias
1034 1344 1127 1386 arare

93 1415 284 1489 coeperunt
329 1404 504 1471 Mittuntur
538 1406 634 1469 ctiam
667 1406 711 1469 ad
744 1428 800 1470 eas
834 1407 984 1471 civitates
1008 1345 1127 1493 legati,

94 1511 179 1574 quae
201 1499 281 1555 sunt
302 1491 483 1554 ³citerioris
517 1491 696 1575 Hispaniae
730 1491 882 1555 finitimae
916 1492 1126 1576 Aquitaniae:

92 1575 171 1639 inde
193 1576 316 1639 auxilia
330 1575 500 1659 ducesque
522 1585 745 1640 arcessuntur.
789 1574 959 1654 ⁴Quorum
981 1576 1127 1640 advent-u

92 1681 307 1744 magnacum
331 1663 526 1724 auctoritate
550 1670 583 1724 et
604 1683 721 1745 magna
744 1682 817 1723 cum
844 1661 1013 1725 hominum
1045 1661 1127 1724 mul-

92 1745 234 1809 titudine
256 1745 379 1810 bellum
401 1767 515 1831 gerere
538 1757 708 1809 conantur.
758 1744 869 1808 Duces
898 1767 977 1809 vero
1000 1746 1023 1808 ii
1046 1746 1126 1809 deli·

92 1840 224 1914 guntur,
258 1831 315 1914 qui
346 1853 412 1894 una
440 1853 512 1894 cum
536 1829 576 1910 Q.
598 1831 748 1895 Sertorio
772 1830 906 1893 ⁵omnes
929 1851 1034 1894 annos
1056 1831 1127 1894 fue·

92 1925 168 1978 rant
189 1936 415 1999 summamque
437 1916 606 1979 scientiam
628 1916 677 1979 rei
698 1915 846 1978 militaris
869 1915 992 1979 habere
1016 1916 1126 1978 existi·

92 2001 274 2073 mabantur.
319 2000 362 2064 Hi
385 2000 624 2064 consuetudine
647 2001 762 2084 populi
785 1999 924 2064 Romani
958 2000 1050 2064 ΒΙοοει
1074 2021 1127 2063 ca·

92 2106 181 2169 pere,
204 2095 315 2149 castra
336 2087 469 2159 munire,
492 2086 727 2149 commeatibus
751 2098 886 2148 nostros
907 2084 1126 2149 intercludere

91 2171 276 2234 instituunt.
320 2169 442 2250 7Quod
464 2171 520 2236 ubi
544 2169 685 2234 Crassus
709 2169 946 2244 animadvertit
969 2191 1048 2233 suas
1072 2191 1127 2232 co·

91 2256 165 2339 pias
188 2263 326 2340 propter
349 2256 559 2340 exiguitatem
581 2276 649 2318 non
670 2253 766 2317 facile
791 2253 911 2329 diduci,
940 2254 1072 2317 hostem
1095 2263 1128 2317 et

92 2340 205 2424 vagari
228 2350 261 2403 et
283 2341 353 2404 vias
377 2340 531 2404 obsidere
554 2349 587 2403 et
609 2340 727 2402 castris
750 2340 830 2402 satis
853 2338 1009 2422 praesidii
1030 2338 1127 2401 relin-

93 2444 204 2506 quere,
238 2427 282 2490 ob
317 2447 388 2488 eam
418 2445 551 2489 causam
584 2425 690 2488 minus
725 2423 897 2487 commode
929 2422 1128 2487 frumentum

92 2518 377 2594 commeatumque
398 2511 462 2573 sibi
486 2511 684 2594 supportari,
706 2511 739 2572 in
762 2509 832 2572 dies
855 2509 1002 2572 hostium
1017 2530 1127 2571 nume·

92 2616 165 2659 rum
187 2595 307 2680 augeri,
335 2616 402 2658 uon
424 2593 646 2657 cunctandum
674 2595 880 2668 existimavit,
910 2594 988 2676 quin
1016 2614 1128 2676 pugna

93 2677 287 2743 decertaret.
338 2679 411 2743 Hac
439 2701 476 2742 re
498 2679 542 2743 ad
564 2679 736 2742 consilium
771 2678 889 2753 delata,
923 2678 979 2741 ubi
1013 2699 1126 2741 omnes

92 2764 179 2830 idem
203 2765 326 2829 sentire
358 2764 527 2838 intellexit,
560 2772 732 2848 posterum
766 2763 852 2827 diem
883 2784 1015 2849 pugnae
1048 2785 1126 2827 con·

92 2850 200 2913 stituit

136 2933 187 2999 24.
232 2933 343 2998 Prima
365 2934 438 2999 luce
472 2933 644 3018 productis
668 2935 819 2998 omnibus
844 2935 959 3018 copiis,
983 2933 1127 3018 lduplici

93 3019 163 3083 acie
184 3020 344 3092 instituta,
367 3020 496 3083 auxiliis
519 3021 553 3082 in
575 3018 715 3083 mediam
737 3021 839 3083 aciem
854 3020 1022 3104 conjectis,
1046 3018 1128 3103 quid

91 3103 210 3167 hostes
222 3105 351 3167 consilii
363 3113 526 3190 caperent,
550 3105 774 3187 exspectabat.
819 3105 880 3179 Illi,
904 3106 967 3168 etsi
989 3117 1127 3188 propter

91 3189 334 3253 multitudinem
361 3200 396 3253 et
424 3198 566 3252 veterem
594 3189 672 3252 belli
699 3190 837 3274 gloriam
863 3191 1126 3274 paucitatemque

91 3289 284 3337 nostrorum
305 3295 343 3336 se
365 3282 437 3336 tuto
460 3273 673 3337 dimicaturos
689 3276 928 3349 existimabant,
952 3283 1060 3337 tamen
1076 3284 1126 3335 tu·

91 3359 157 3421 tius
180 3380 258 3422 esse
280 3359 522 3422 arbitrabantur
544 3358 714 3422 ²obscssis
738 3361 799 3424 viis
822 3369 1005 3422 commeatu
1028 3358 1126 3420 inter·

91 3443 188 3507 cluso
211 3444 282 3507 sine
304 3442 374 3507 ullo
398 3443 533 3507 vulnere
557 3443 693 3506 victoria
719 3447 819 3528 potiri
852 3453 894 3518 et
928 3443 957 3506 si
989 3451 1127 3527 propter

89 3528 236 3612 inopiam
257 3529 305 3591 rei
326 3526 557 3591 frumentariae
579 3527 719 3591 Romani
741 3551 817 3593 sese
838 3529 985 3613 recipere
998 3527 1127 3610 coepis-

90 3622 175 3688 sent,
204 3614 247 3676 im
272 3612 382 3676 editos
410 3614 444 3676 iu
473 3612 600 3696 agmine
628 3622 662 3676 ct
689 3615 752 3677 sub
784 3614 921 3677 sarcinis
949 3611 1125 3674 infirmiore

89 3697 200 3761 animo
267 3698 345 3762 oriri
371 3698 569 3782 cogitabant
619 3697 694 3761 Hoc
723 3699 861 3761 consilio
891 3697 1033 3782 probato
1064 3696 1125 3758 ³ab

89 3781 242 3859 ducibus,
276 3781 450 3867 productis
486 3781 706 3847 Romanorum
740 3783 861 3866 copiis,
896 3803 972 3845 sese
1006 3782 1126 3844 castris

89 3868 256 3933 tenebant.
302 3866 376 3933 Hac
396 3889 434 3933 re
456 3876 633 3953 perspecta
654 3865 806 3944 Crassus,
827 3868 950 3954 ⁴quum
965 3889 1026 3932 sua
1048 3889 1126 3930 cun-
