2468 4312
443 251 505 295 tm.
527 251 571 294 vr.
594 251 663 295 car.
686 229 823 296 20-24.
1058 232 1118 298 107

84 383 289 459 contineant,
312 405 411 469 quum
435 406 515 448 suas
538 385 679 469 quisque
698 405 780 469 opes
793 405 866 448 oum
878 384 1118 470 potentissimis

84 470 221 552 aequari
243 469 362 534 videat.

127 553 179 618 23.
224 553 439 619 ¹Civitatibus
462 556 603 619 maxima
636 555 709 618 laus
743 563 796 619 est
828 576 927 638 quarn
959 555 1119 619 latissime

87 639 209 703 circum
233 661 270 703 se
291 640 432 703 vastatis
462 640 582 705 finibus
615 640 813 703 solitudines
846 639 977 704 habere.
1022 640 1119 704 ²Hoo

84 724 256 809 proprium
278 725 409 788 virtutis
433 726 629 799 existimant,
652 724 813 810 expulsos
842 726 930 811 agris
963 725 1119 788 finitimos

85 809 205 874 cedere
216 832 324 895 neque
337 831 532 895 quemquam
544 832 650 895 prope
663 810 785 875 audere
807 812 1003 884 consistere;
1023 809 1121 874 simul

85 894 151 958 hoc
174 916 212 958 se
233 893 307 959 fore
329 897 469 960 tutiores
493 897 693 960 arbitrantur
715 897 904 980 repentinae
921 895 1119 959 incursionis

84 981 203 1044 timore
225 981 367 1045 sublato.
412 978 522 1060 Quum
544 981 667 1046 bellum
690 981 806 1044 civitas
829 989 885 1044 aut
906 982 1033 1045 illatum
1063 980 1120 1044 de·

84 1063 191 1130 fendit
213 1074 270 1128 aut
290 1064 397 1146 infert,
420 1066 642 1150 magistratus
665 1066 722 1151 qui
745 1067 774 1130 ei
796 1067 885 1130 bello
909 1066 1064 1151 praesint,
1083 1074 1121 1130 ut

84 1151 172 1215 vitae
194 1151 351 1233 necisque
379 1151 523 1216 habeant
543 1160 751 1235 potestatem,
770 1150 966 1237 deliguntur.
989 1151 1026 1215 In
1038 1172 1120 1236 paee

86 1236 198 1299 nullus
222 1237 403 1299 communis
427 1245 479 1299 est
500 1237 723 1322 magistratus,
746 1236 808 1300 sed
830 1238 995 1320 principes
1013 1237 1121 1320 regio·

84 1342 162 1384 num
185 1328 285 1404 atque
307 1342 467 1406 pagorum
489 1322 574 1385 inter
596 1342 677 1384 suos
704 1321 754 1385 'us
783 1321 895 1384 dicunt
929 1330 1120 1384 controver-

85 1407 220 1490 siasque
242 1407 399 1469 minuunt.
422 1405 609 1470 Latrocinia
636 1343 760 1470 nullam
791 1405 915 1470 habent
947 1405 1120 1482 infamiam,

86 1511 171 1573 quae
195 1497 289 1553 extra-
310 1490 392 1554 fines
416 1491 578 1576 cujusque
601 1492 743 1554 civitatis
766 1491 857 1563 fiunt,
881 1500 980 1574 atque
1009 1512 1048 1553 ea
1065 1491 1120 1575 ju·

84 1575 231 1640 ventutis
255 1574 458 1639 exercendae
480 1598 519 1639 ac
542 1576 689 1640 desidiae
711 1575 905 1639 minuendae
928 1597 1028 1638 causa
1049 1575 1120 1639 fieri

85 1660 287 1746 praedicant.
310 1660 421 1744 Atque
442 1661 500 1725 ubi
522 1662 597 1745 quis
622 1662 889 1745 exprincipibus
911 1660 944 1722 in
978 1660 1118 1724 concilio

86 1746 172 1810 dixit
191 1770 224 1809 ae
244 1746 351 1810 dacem
369 1747 461 1831 forc‚·
488 1749 543 1833 qui
569 1749 654 1833 sequi
680 1747 780 1820 celiel,
814 1747 1029 1834 profiteantur,
1042 1767 1120 1809 cou-

87 1840 228 1918 surgunt
249 1830 292 1906 hi,
318 1831 396 1915 ³qui
419 1839 452 1896 et
474 1852 605 1895 causam
625 1840 659 1895 et
669 1832 833 1894 hominem
845 1832 996 1915 probant,
1009 1851 1120 1895 suum·

109 1939 152 1980 ue
175 1917 329 1980 auxilium
351 1917 551 2000 pollicentur
572 1927 672 2001 atque
695 1917 736 1980 ab
758 1916 966 1980 multitudine
995 1916 1119 1979 collau·

86 1939 222 2065 dantur:
245 2002 301 2087 qui
325 2023 366 2065 ex
388 2002 440 2065 his
464 2003 568 2065 secuti
590 2023 658 2066 non
680 2010 766 2074 sunt,
793 2003 828 2065 in
851 2002 1058 2065 desertorum
1080 2021 1121 2064 ac

85 2086 294 2171 proditorum
315 2108 451 2151 numero
475 2086 648 2162 ducuntur,
683 2088 891 2172 omniumque
924 2086 977 2149 his
1010 2107 1121 2150 rerum

85 2181 207 2256 postea
228 2171 313 2235 fides
347 2171 533 2257 derogatur.
578 2172 772 2256 *Hospitem
808 2173 933 2236 violare
968 2171 1019 2234 fas
1052 2193 1120 2235 non

86 2266 219 2356 putant:
243 2258 298 2341 qui
321 2277 452 2341 quaque
475 2257 517 2320 de
540 2278 640 2320 causa
663 2258 707 2321 ad
729 2279 786 2320 eos
809 2265 978 2332 venerunt,
1009 2257 1050 2321 ab
1072 2257 1121 2319 in·

82 2343 171 2427 Juria
192 2342 381 2427 ‚prohibent
414 2351 615 2426 sanctosque
649 2342 780 2416 habent,
818 2341 938 2426 hisque
977 2341 1121 2405 omnium

87 2426 207 2491 domus
226 2435 346 2550 patent
368 2427 542 2512 victusque
564 2429 832 2491 communicat-ur.

131 2512 181 2576 24.
245 2512 295 2576 Ac
315 2510 379 2575 fuit
401 2520 497 2575 antea
518 2520 657 2597 tempus,
680 2534 780 2597 quum
815 2511 997 2576 Germanos
1034 2510 1122 2575 Galli

86 2597 209 2661 virtute
231 2606 435 2681 superarent,
457 2598 546 2661 ultro
568 2598 656 2661 bella
687 2597 853 2672 inferrent,
886 2607 1024 2681 propter
1060 2596 1121 2660 ho·

86 2683 209 2746 minum
231 2681 473 2746 multitudinem
496 2683 632 2768 agrique
666 2684 810 2766 inopiam
842 2691 935 2745 trans
969 2682 1121 2744 Rhenum

88 2767 237 2831 colonias
261 2768 433 2831 mitterent.
478 2768 594 2851 Itaque
617 2788 663 2841 ea,
687 2789 772 2853 quae
805 2766 1007 2830 fertilissima
1040 2764 1122 2830 Ger·

87 2853 215 2916 maniae
248 2860 326 2916 sunt
358 2853 433 2916 loca
465 2854 587 2916 circum
625 2852 825 2938 Hercyniam
859 2853 976 2916 silvam
1010 2854 1121 2934 (quam

87 2936 304 3002 Eratostheni
326 2946 360 3000 et
382 2937 581 3021 quibusdam
610 2936 746 3001 Graecis
779 2936 866 3000 fama
898 2947 1010 3000 notam
1045 2957 1120 3000 esse

87 3021 198 3096 video,
221 3043 319 3106 quam
340 3022 388 3085 illi
411 3021 588 3107 Orcyniam
611 3023 800 3107 appellant),
821 3021 947 3085 Volcae
959 3021 1121 3086 Tectosa-

87 3127 147 3192 ges
172 3115 418 3190 oecupaverunt
439 3117 540 3191 atque
561 3106 606 3170 ibi
634 3107 866 3171 consederunt
911 3106 1005 3187 Quae
1038 3127 1120 3192 gens

88 3191 133 3256 ad
155 3191 221 3255 hoe
242 3200 373 3275 tempus
396 3191 448 3255 his
472 3190 609 3255 sedibus
632 3212 708 3254 sese
731 3193 876 3256 continet
897 3212 1122 3273 summamque

87 3275 190 3340 habet
206 3277 356 3361 justitiae
378 3287 411 3340 et
434 3277 570 3340 bellicae
582 3276 690 3340 laudis
703 3278 897 3360 opinionem.
920 3277 1018 3342 Nunc
1030 3274 1122 3359 quod

88 3362 122 3425 in
150 3360 265 3425 eadem
298 3362 418 3445 inopia,
451 3368 608 3447 egestate,
641 3362 807 3445 patientia,
839 3361 925 3444 ²qua
960 3360 1123 3433 Germani,

87 3455 290 3530 permanent,
325 3446 442 3510 eodem
474 3447 565 3509 victu
599 3455 633 3510 et
665 3445 758 3509 cultu
790 3446 941 3529 corporis
974 3453 1120 3507 utuntur.

88 3529 217 3594 ³Gallis
240 3539 349 3594 autem
371 3531 614 3615 provinciarum
635 3552 698 3616 pro
722 3530 866 3614 inquitas
896 3537 928 3593 et
961 3538 1121 3592 transma-

87 3615 233 3679 rinarum
253 3636 363 3678 rerum
386 3616 502 3679 notitia
530 3616 634 3678 multa
666 3636 685 3678 a
744 3617 871 3697 copiam
905 3622 1004 3696 atque
1037 3634 1121 3677 usus

87 3700 234 3785 largitur.
279 3699 441 3764 Paulatim
464 3699 642 3764 assuefacti
665 3699 814 3782 superari
837 3698 1015 3780 multisque
1043 3698 1122 3762 victi

88 3785 224 3870 proeliis
257 3806 301 3848 ne
334 3807 371 3849 se
404 3783 537 3870 quidem
569 3785 635 3868 ipsi
668 3805 742 3847 eum
779 3783 845 3847 illis
879 3784 1000 3847 virtute
1034 3804 1122 3847 com·

87 3879 216 3956 parant.
