2468 4312
99 209 159 274 136
446 229 488 270 nn
510 228 612 270 nanno
635 228 771 270 caniaco

97 384 219 435 omnee
242 362 331 446 quod
350 362 418 446 jam
440 361 512 446 ipse
534 361 655 426 Caesar
669 383 728 446 per
745 359 973 442 exploratores
996 381 1120 438 cogno-

96 461 197 523 verat,
221 447 355 512 dorsum
379 469 452 510 esse
475 447 547 532 ejus
565 447 636 533 jugi
659 468 763 531 prope
786 468 933 529 aequum,
957 445 1018 508 sed
1030 446 1120 508 huuc

98 534 282 597 silvestrem
305 542 337 597 et
359 541 541 618 angustum,
565 555 629 616 qua
652 546 742 595 esset
763 531 872 594 aditus
906 530 949 594 ad
982 531 1119 594 alteram

96 633 223 702 partem
246 618 374 703 oppidi3
398 617 604 682 vehementer
625 616 701 681 huic
721 617 799 680 illos
821 617 896 678 loco
923 618 1035 680 timere
1058 639 1118 679 nec

92 705 161 790 jam
185 705 277 767 alitor
299 704 429 774 sentire.
451 726 517 767 uno
540 703 625 767 colle
647 705 688 766 ab
710 702 866 766 Romanis
900 710 1063 786 occupato
1089 702 1118 764 si

97 791 235 854 alterum
266 790 459 861 amisissent,
496 790 573 872 quin
611 810 713 873 paene
750 788 982 850 circumvallati
1019 797 1118 870 atque

98 876 184 939 omni
208 875 296 939 exitu
330 883 362 939 et
394 873 604 959 pabulatione
637 874 805 937 interclusi
839 873 1040 936 viderentur:
1074 873 1117 936 ad

96 961 184 1024 hunc
207 959 413 1023 muniendum
437 982 548 1024 omnes
572 982 590 1022 a
615 959 879 1044 Vercingetorige
906 970 1073 1022 evocatos.

140 1047 190 1110 45.
235 1045 325 1109 ¹Hac
347 1067 383 1108 re
406 1045 537 1130 cognita
559 1044 680 1109 Caesar
701 1045 799 1108 mittit
820 1045 1005 1128 complures
1029 1044 1119 1127 equi·

98 1140 168 1194 tum
191 1141 329 1205 turmas3
352 1132 399 1195 eis
424 1130 465 1194 de
488 1130 593 1195 media
615 1142 712 1194 nocte
734 1132 872 1214 imperat
895 1141 930 1194 ut
952 1131 1049 1215 paulo
1066 1138 1119 1192 tu-

98 1217 295 1280 multuosius
333 1217 482 1280 omnibus
521 1215 602 1279 locis
640 1226 843 1301 vagarentur.
901 1216 1010 1279 Prima
1045 1216 1119 1279 luce

98 1324 249 1387 maguum
271 1324 437 1366 numerum
460 1301 762 1386 impedimentorum
790 1324 831 1363 ex
865 1303 981 1365 castris
1016 1302 1120 1364 mulo-

98 1408 235 1470 rumque
258 1387 396 1472 produci
419 1387 526 1470 deque
547 1386 599 1450 his
616 1397 792 1450 stramenta
805 1387 931 1450 detrahi
944 1387 1120 1450 muliones·

100 1496 164 1558 que
187 1495 260 1537 cum
282 1472 466 1537 cassidibus
486 1474 630 1556 equitum
641 1474 750 1556 specie
762 1494 800 1536 ac
812 1474 1016 1536 simulatione
1028 1473 1122 1536 colli·

98 1560 162 1624 bus
185 1559 381 1623 circumvehi
398 1560 503 1644 jubet.
547 1557 608 1621 His
631 1580 756 1642 paucos
779 1558 872 1622 addit
894 1559 1029 1642 equites
1063 1557 1121 1641 qui

98 1645 197 1708 latius
221 1645 449 1708 ostentationis
473 1666 573 1707 causa
596 1656 797 1730 vagarentur.
842 1644 958 1729 Longo
985 1644 1122 1707 circuitu

101 1730 233 1794 casdem
248 1753 361 1793 omnes
380 1730 476 1814 jubet
497 1742 610 1814 petere
631 1731 791 1814 regiones.
835 1729 925 1792 Haec
948 1730 1063 1813 procul
1079 1751 1122 1792 ex

100 1815 224 1900 oppido
248 1815 451 1886 videbantur,
488 1826 525 1879 ut
547 1824 617 1878 erat
638 1837 658 1878 a
681 1814 845 1899 Gergovia
877 1815 1055 1899 despectus
1088 1814 1123 1878 in

101 1914 217 1974 castra,
240 1923 346 1984 neque
368 1911 459 1965 tanto
483 1901 599 1985 spatio,
623 1902 701 1964 certi
724 1900 803 1983 quid
830 1912 926 1980 esset,
956 1901 1122 1982 explorari

124 1994 239 2049 oterat.
282 1987 458 2071 Legionem
481 2009 577 2050 unam
598 1985 714 2050 eodem
732 1987 815 2070 jugo
844 1985 942 2049 mittit
974 2000 1007 2049 et
1042 2008 1124 2071 pau«

98 2009 167 2134 lum
189 2093 398 2156 progressam
421 2071 572 2135 inferiore
595 2072 764 2135 constituit
786 2072 861 2136 loco
884 2072 1043 2154 silvisque
1066 2093 1123 2132 oc·

101 2157 228 2232 cultat„
253 2159 401 2243 Augetur
424 2157 529 2221 Gallis
551 2158 696 2241 suspicio
719 2167 818 2241 atque
841 2179 953 2220 omnes
976 2157 1034 2219 illo
1053 2178 1123 2219 mu·

99 2243 259 2307 nitionum
281 2245 395 2327 copiae
417 2243 641 2306 traducuntur.
698 2243 811 2306 Vacua
837 2253 944 2305 castra
976 2243 1122 2305 hostium

100 2327 221 2392 Caesar
244 2329 455 2412 conspicatus
478 2330 572 2392 tectis
594 2329 776 2406 insignibus
810 2350 943 2391 suorum
977 2328 1123 2390 occulta-

100 2416 208 2497 tisque
231 2415 332 2501 signis
355 2415 547 2480 militaribus
569 2435 663 2476 raros
685 2414 812 2488 milites,
847 2435 887 2476 ne
921 2435 962 2476 ex
996 2411 1122 2496 oppido

100 2499 440 2578 animadverterentur,
464 2521 506 2562 ex
527 2499 706 2584 majoribus
725 2499 840 2562 castris
863 2500 896 2561 in
918 2499 1043 2561 minora
1057 2508 1124 2561 tra-

101 2585 191 2650 ducit
215 2586 404 2672 legatisque,
427 2607 512 2668 quos
535 2585 672 2670 singulis
695 2586 878 2670 legionibus
912 2583 1122 2668 praefecerat,

100 2671 181 2756 quid
203 2671 271 2734 fieri
293 2672 381 2746 velit,
403 2669 561 2739 ostendit:
595 2672 629 2733 in
661 2671 773 2754 primis
808 2682 926 2741 monet,
960 2679 996 2733 ut
1019 2670 1124 2732 coriti-

101 2765 199 2820 neant
231 2758 358 2830 militae,
391 2779 431 2819 ne
465 2755 575 2820 studio
599 2755 766 2841 pugnandi
799 2766 856 2819 aut
889 2777 949 2839 spe
978 2755 1123 2839 praedae

100 2841 229 2926 longius
255 2841 518 2926 progrediantur3
553 2839 632 2924 quid
659 2842 812 2924 iniquitas
835 2842 898 2904 loci
923 2840 1043 2904 habeat
1075 2841 1123 2903 in-

101 2927 272 3000 commodi,
294 2928 464 3012 proponit:
487 2927 551 2991 hoc
573 2949 637 2990 una
663 2927 828 2990 celeritate
856 2948 958 3011 posse
990 2926 1141 3001 mutarit

103 3013 284 3077 occasionis
308 3034 382 3077 esse
403 3034 481 3084 rem,
503 3036 569 3076 non
591 3012 717 3097 proelii.
763 3012 822 3075 His
845 3013 943 3075 rebus
960 3012 1122 3095 expositis

102 3099 228 3184 signum
253 3098 310 3162 dat
332 3108 365 3162 et
387 3099 427 3162 ab
458 3099 576 3162 dextra
606 3107 700 3181 parte
733 3098 797 3160 alio
832 3119 971 3161 ascensu
1005 3096 1122 3160 eudem

101 3196 248 3268 tempore
270 3184 429 3248 Haeduos
452 3185 557 3248 mittit.

143 3269 193 3334 46.
239 3268 363 3355 Oppidi
385 3291 496 3333 murus
519 3270 560 3334 ab
583 3267 716 3352 planitie
740 3280 838 3353 atque
860 3268 950 3332 initio
963 3288 1122 3330 ascensus

100 3364 190 3420 recta
212 3357 352 3440 regione,
387 3356 414 3418 si
448 3355 557 3418 nullus
591 3353 767 3416 amfractus
799 3353 1024 3426 intercederet,
1060 3375 1123 3414 nco

101 3463 222 3526 passus
246 3442 372 3504 aberat:
396 3438 552 3525 quicquid
573 3438 650 3502 huic
668 3439 822 3503 circuitus
845 3440 889 3503 ad
911 3437 1123 3503 molliendum

101 3527 219 3590 clivum
243 3539 436 3599 accesserat,
458 3525 493 3589 id
515 3526 656 3610 spatium
678 3525 801 3588 itineris
824 3526 972 3609 augebat.
1016 3525 1123 3587 Ame-

102 3610 157 3675 dio
179 3610 247 3675 fere
271 3612 408 3675 celleio
432 3609 675 3696 longitudinem,
697 3621 734 3673 ut
755 3620 870 3674 natura
899 3611 1017 3674 montis
1040 3609 1123 3672 fere·

100 3697 166 3770 bat,
189 3720 229 3760 ex
251 3696 430 3782 grandibus
454 3697 543 3760 sexis
566 3718 625 3760 sex
658 3695 779 3780 pedum
812 3717 951 3774 murum,
986 3696 1042 3779 qui
1064 3717 1123 3758 no·

102 3783 424 3866 strorumimpetum
445 3781 598 3855 tardaret,
632 3781 874 3866 praeduxerant
908 3780 994 3844 Galli
1023 3789 1122 3863 atque

101 3865 252 3935 inferiore
275 3870 361 3934 omni
384 3868 491 3955 spatio
514 3889 619 3934 vacuo
641 3867 755 3933 relicto
777 3867 980 3953 superiorem
995 3876 1123 3953 partem
