2468 4312
186 52 200 83 Ι

148 208 190 276 78
498 230 540 272 ns
562 230 664 273 annno
687 229 824 272 ouunrco

147 363 360 430 existimatur.
402 363 453 428 lta
475 362 579 427 omnis
607 362 716 426 insula
748 371 800 426 est
830 362 864 427 in
898 362 1034 426 circuitu
1068 362 1169 426 vicies

148 460 277 515 eentum
299 450 421 515 milium
443 470 611 534 passuum.

194 538 241 601 14.
285 535 339 600 Ex
360 534 412 598 his
435 535 585 599 omnibus
608 534 706 619 longe
739 540 817 598 suut
848 533 1079 608 humanissimi,
1113 534 1171 617 qui

148 621 296 687 Cantium
318 620 474 696 incolunt,
497 642 581 705 quae
603 620 694 704 regio
716 632 769 683 est
790 620 949 683 maritima
971 620 1085 704 omnis,
1113 642 1170 683 ne·

144 730 213 792 que
246 708 381 772 inultmn
414 728 435 770 e
463 705 589 770 Gallica
622 705 775 770 differunt
807 705 1053 769 consuetudine.
1098 705 1169 768 ι1η-

147 794 284 858 teriores
309 793 456 877 plerique
488 791 651 856 frumenta
681 814 748 855 non
781 800 902 866 serunt,
936 791 996 854 sed
1029 791 1113 854 lacte
1137 802 1171 855 et

146 901 244 943 cerne
277 879 392 942 vivunt
423 878 631 962 pellibusque
653 886 732 940 sunt
752 879 871 941 vestiti.
922 878 1065 940 ²01nnes
1088 899 1169 940 vero

146 986 185 1029 se
206 964 353 1029 Britanni
377 964 461 1026 vitro
483 964 635 1038 inliciunt,
659 963 751 1048 quod
772 962 956 1027 caeruleum
982 963 1081 1026 ellieit
1113 985 1169 1025 eo·

146 1051 259 1125 lorcin,
281 1065 381 1133 atque
403 1048 467 1112 hoc
489 1049 691 1113 horridiores
714 1049 847 1114 suntin
874 1070 984 1134 pugna
1016 1059 1168 1133 aspectu:

146 1136 334 1222 capilloque
356 1144 434 1199 sunt
462 1135 627 1221 promisso
654 1147 754 1220 atque
783 1135 869 1198 omni
897 1146 990 1220 parte
1018 1135 1168 1218 eorporis

145 1243 223 1287 rasa
278 1230 384 1285 raeter
417 1232 516 1305 caput
538 1232 573 1285 et
594 1222 719 1285 labrum
747 1222 908 1306 superi-us.
960 1219 1088 1284 Uxores
1112 1219 1169 1282 ha-

145 1309 225 1373 bent
248 1243 323 1371 deni
346 1306 556 1391 duodenique
577 1307 661 1371 inter
682 1329 719 1371 se
745 1328 942 1381 communes,
975 1316 1009 1369 et
1029 1307 1169 1369 maxime

145 1392 265 1460 naues
288 1414 361 1456 eum
384 1392 540 1457 fratribus
563 1401 781 1477 parentesque
804 1414 876 1456 cum
888 1392 1013 1467 liberis3
1037 1391 1098 1455 sed
1113 1390 1169 1475 qui

146 1487 225 1544 sunt
247 1501 289 1543 ex
310 1479 363 1542 his
384 1479 460 1552 nati,
484 1500 596 1543 eorum
617 1478 781 1542 habentur
804 1478 907 1553 liberi,
941 1499 1008 1562 quo
1030 1479 1169 1563 primum

145 1566 240 1651 virgo
263 1586 413 1649 quaeque
436 1563 578 1629 deducta
601 1572 661 1629 est.

191 1652 238 1716 15.
283 1649 422 1734 Equites
458 1649 604 1715 hostium
636 1649 859 1734 essedariique
892 1649 1010 1712 acriter
1041 1648 1169 1734 proelio

145 1758 219 1801 eum
241 1737 389 1821 equitatu
410 1746 527 1801 nostro
548 1736 582 1800 in
603 1736 718 1800 itinere
740 1734 964 1811 condixerunt,
988 1735 1115 1799 ¹tamen
1132 1743 1170 1798 ut
1198 1808 1201 1812 A

144 1823 251 1887 nostri
273 1823 425 1887 omuibus
447 1822 603 1906 partibus·
619 1822 806 1906 superiores
834 1820 954 1885 fuerint
981 1829 1080 1904 atque
1109 1842 1168 1884 eos

144 1909 177 1972 iu
200 1908 301 1971 silvas
324 1907 494 1992 collesque
516 1908 747 1992 compulerint3
779 1907 841 1971 sed
863 1907 1086 1991 compluribus
1120 1907 1169 1970 iu·

145 1993 291 2057 terseetis
315 1992 468 2078 cupidius
490 1994 629 2057 insecuti
651 1992 828 2056 nonnullos
843 2014 885 2056 ex
900 1994 970 2056 suis
982 1993 1169 2056 amiserunt.

145 2080 210 2143 '²At
232 2079 278 2142 illi
301 2079 487 2142 intermisso
510 2078 618 2164 spetio
639 2078 901 2163 imprudentibus
924 2077 1047 2141 nostris
1069 2087 1169 2161 etque

146 2165 314 2250 occupatis
337 2165 370 2228 iu
392 2165 569 2228 munitione
592 2173 773 2228 castrorum
797 2165 906 2228 subito
929 2185 966 2226 se
1000 2185 1041 2227 ex
1075 2163 1168 2226 silvis

146 2250 313 2336 ejecerunt
333 2250 522 2335 impetuque
543 2251 575 2314 in
599 2271 657 2315 eos
679 2248 776 2323 facto,
800 2251 971 2334 quierant
997 2250 1030 2312 in
1053 2250 1169 2313 statio-

144 2359 186 2402 ne
209 2359 270 2422 pro
293 2337 410 2399 castris
433 2336 596 2411 collocati,
619 2336 736 2399 acriter
757 2359 779 2420 p
804 2342 993 2408 sueverunt,
1022 2335 1168 2399 duabus-

145 2445 209 2508 que
232 2422 342 2486 missis
365 2421 515 2486 subsidio
544 2420 778 2485 cohortibusc
827 2442 941 2485 aesare
973 2422 1092 2504 ³etque
1126 2421 1166 2484 iis

145 2509 257 2593 primis
280 2507 444 2592 legionum
465 2506 612 2583 duarum,
636 2528 736 2592 quum
764 2506 826 2570 hac
858 2507 1035 2592 perexiguo
1068 2507 1168 2570 iuter-

145 2594 247 2660 misso
270 2593 334 2657 loci
357 2593 466 2677 spatio
488 2594 572 2657 inter
594 2615 630 2656 se
653 2591 886 2666 constitissent,
914 2592 1022 2656 ⁴novo
1048 2613 1168 2676 genere

145 2700 275 2765 pugnae
296 2679 478 2764 perterritis
500 2679 623 2742 nostris
646 2700 706 2765 per
720 2678 847 2742 medios
863 2677 1078 2742 audacissime
1093 2699 1168 2763 per·

145 2774 305 2851 ruperunt
337 2784 440 2848 seque
471 2764 549 2829 inde
580 2765 760 2829 incolumes
793 2772 995 2864 receperunt.
1039 2762 1090 2827 Eo
1114 2763 1168 2827 die

146 2850 185 2930 Q.
208 2849 503 2914 Laberius·Durus
536 2850 686 2915 tribunus
714 2850 849 2914 militum
871 2848 1070 2913 interficitur.
1116 2848 1169 2913 llli

145 2936 295 3023 pluribus
317 2936 492 3000 submissis
514 2935 707 3001 cohortibus
728 2936 941 3019 repelluntur.

191 3022 237 3086 16.
282 3020 392 3086 lToto
413 3022 480 3086 hoc
500 3022 534 3086 in
555 3042 674 3107 genere
695 3042 832 3108 pugnae,
859 3042 960 3106 quum
982 3021 1044 3084 sub
1062 3019 1168 3084 oculis

146 3108 288 3172 omnium
320 3128 360 3172 ae
391 3129 454 3194 pro
484 3108 603 3172 cestris
636 3107 852 3184 dimicaretur,
883 3106 1084 3171 intellectum
1107 3115 1169 3182 est,

145 3194 300 3258 ²n0stros
323 3204 460 3278 propter
481 3194 673 3280 gravitatem
695 3215 866 3268 armorum,
889 3191 982 3276 quod
1003 3213 1109 3276 neque
1121 3192 1170 3255 in·

145 3280 240 3364 sequi
262 3276 417 3344 cedentes
440 3287 580 3364 possent
602 3298 708 3366 neque
730 3281 771 3344 ab
794 3279 896 3365 signis
919 3277 1090 3341 discedere
1113 3299 1170 3340 au-

145 3364 268 3439 derent,
301 3364 408 3428 minus
439 3377 539 3451 aptos
572 3386 648 3430 esse
680 3363 723 3430 ad
755 3365 854 3430 hu'us
876 3363 1005 3449 generis
1028 3361 1169 3439 hostem,

145 3451 272 3535 equites
305 3458 413 3515 autem
446 3472 477 3515 m
543 3473 564 3515 o
589 3472 664 3516 eum
685 3386 833 3535 periculo
854 3449 982 3534 proelio
1005 3448 1170 3525 dimicare,

144 3546 321 3621 propterea
354 3536 445 3620 quod
476 3537 521 3600 il'
557 3536 653 3601 etiam
681 3535 837 3600 consulto
859 3535 1051 3619 plerumque
1073 3532 1170 3597 oede-

144 3631 218 3686 rent
239 3631 280 3698 et,
302 3642 405 3707 quum
426 3622 559 3708 paulum
581 3623 623 3688 ob
645 3621 830 3707 legionibus
852 3629 988 3685 nostros
1011 3619 1171 3683 removis-

146 3715 229 3778 sent,
251 3729 293 3771 ex
315 3708 444 3773 essedis
468 3706 637 3773 desilirent
658 3715 691 3770 et
718 3705 860 3790 pedibus
889 3705 1013 3791 dispari
1040 3705 1170 3790 proelio

146 3792 388 3858 contenderent
431 3792 627 3878 ⁴Equestris
660 3800 769 3856 sutem
801 3792 917 3877 proelii
949 3792 1033 3855 rotie
1063 3799 1096 3854 et
1118 3813 1171 3854 ee·

147 3874 299 3943 dentibus
322 3892 356 3945 et
377 3880 624 3965 insequentibus
652 3899 713 3965 par
739 3890 838 3964 atque
870 3878 957 3942 idem
989 3876 1170 3963 periculum
