2468 4312
400 237 460 279 ma.
482 237 537 278 vn.
582 237 650 279 car.
673 214 807 280 78-83.
1033 211 1094 278 153

75 380 184 437 castra
205 370 343 436 insecuti
365 370 416 434 sui
438 368 612 455 colligendi
634 367 822 432 facultatem
844 391 911 433 non
923 368 1094 433 dederunt.

74 462 120 524 At
140 459 171 533 ii,
194 458 250 541 qui
272 459 313 521 ab
336 457 447 521 Alesia
469 465 709 539 processerant,
731 455 847 519 maesti
868 477 973 541 prope
991 448 1094 518 victo·

74 546 124 608 ria
145 543 319 628 desperata
342 564 379 605 se
401 543 434 604 in
456 541 614 626 oppidum
635 550 837 626 receperunt.

117 631 167 695 81.
214 628 289 693 Uno
313 628 364 691 die
386 628 571 695 intermisso
595 625 681 691 Galli
703 637 802 711 atque
823 627 888 691 hoc
909 626 1017 711 spatio
1030 647 1096 689 ma·

75 737 140 802 gno
173 715 317 790 cratium,
350 713 519 788 scalarum,
552 713 776 799 harpagonum
812 734 946 776 numero
980 711 1095 776 effecto

75 802 182 865 media
204 811 300 874 nocte
323 799 451 863 silentio
474 822 515 863 ex
538 801 655 862 castris
679 799 803 884 egressi
824 798 867 873 ad
895 810 1094 883 campestres

76 887 270 951 munitiones
304 885 472 949 accedunt
526 885 643 949 Subito
677 886 819 949 clamore
851 884 999 959 sublato,
1032 904 1097 967 qua

77 973 311 1058 significatione
334 971 444 1055 quiin
465 971 590 1056 oppido
617 971 851 1036 obsidebantur
884 970 926 1033 de
954 992 1016 1033 suo
1039 969 1096 1033 ad·

76 1069 176 1123 ventu
199 1079 399 1143 cognoscere
420 1065 567 1141 possent,
589 1068 696 1120 crates
711 1058 880 1143 projicere,
902 1056 1022 1131 fundis
1046 1077 1097 1120 sa·

76 1145 176 1231 ginis,
199 1144 363 1229 lapidibus
387 1153 520 1207 nostros
545 1143 586 1206 de
609 1143 696 1206 vallo
729 1145 925 1228 proturbare
957 1143 1097 1226 reliqua·

77 1252 151 1314 que,
174 1251 257 1313 quae
279 1229 323 1293 ad
345 1230 620 1314 oppugnationem
643 1229 813 1313 pertinent,
836 1238 953 1314 parant
963 1228 1098 1292 admini-

79 1325 192 1380 strare.
236 1315 362 1379 Eodem
385 1324 531 1398 tempore
565 1315 706 1378 clamore
739 1315 894 1378 exaudito
928 1315 985 1378 dat
1019 1314 1098 1378 tuba

79 1403 206 1488 signum
239 1402 308 1466 suis
334 1401 580 1486 Vercingetorix
614 1410 713 1485 atque
745 1423 787 1465 ex
821 1401 946 1484 oppido
979 1399 1096 1464 educit.

78 1488 202 1561 Nostri,
223 1497 261 1551 ut
282 1487 506 1571 superioribus
530 1487 657 1561 diebus
689 1495 727 1550 ut
759 1488 876 1570 cuique
909 1501 978 1550 erat
1004 1485 1097 1548 loeus

79 1574 265 1648 attributus,
288 1572 331 1637 ad
351 1573 547 1636 munitiones
576 1572 749 1647 accedunt3
781 1571 902 1647 fundis,
936 1573 1097 1637 librilibus

79 1659 294 1742 sudibusque,
317 1680 399 1741 quas
422 1659 454 1721 in
477 1680 576 1742 opere
600 1657 839 1741 disposuerant,
862 1680 901 1722 ac
922 1660 1097 1744 glandibus

80 1744 195 1810 Gallos
219 1754 413 1830 proterrent.
456 1744 641 1828 Prospectu
663 1745 806 1808 tenebris
829 1744 983 1829 adempto
998 1745 1099 1809 multa

79 1832 240 1914 utrimque
252 1831 386 1895 vulnera
398 1831 607 1915 accipiuntur.
652 1828 829 1914 Complura
850 1833 1018 1895 tormentis
1034 1831 1100 1895 tela

80 1917 304 2001 conjiciuntur.
348 1916 393 1979 At
415 1916 458 1979 M.
481 1916 643 1979 Antonius
666 1926 699 1980 et
722 1915 825 2001 Gajus
848 1916 1035 1980 Trebonius
1053 1918 1098 1981 le-

79 2005 154 2088 gati,
178 2004 297 2087 quibus
320 2002 382 2065 hae
406 2011 515 2086 partes
543 2001 585 2065 ad
616 2001 856 2066 defendendum
889 2003 1099 2080 obvenerant,

80 2110 145 2172 qua
168 2111 208 2151 ex
231 2098 323 2172 parte
344 2100 478 2151 nostros
502 2089 603 2172 premi
625 2088 859 2162 intellexerant,
892 2087 944 2152 his
977 2090 1099 2153 auxilio

80 2197 122 2238 ex
143 2175 353 2239 ulterioribus
377 2173 520 2237 castellis
544 2174 706 2238 deductos
730 2175 971 2239 submittebant.

122 2261 172 2325 82.
216 2261 303 2324 Dum
324 2260 455 2345 longius
477 2261 518 2323 ab
541 2260 717 2324 munitione
740 2261 875 2324 aberant
897 2258 998 2337 Galli,
1023 2262 1100 2346 plus

80 2346 286 2411 multitudine
308 2346 448 2408 telorum
470 2345 696 2430 proficiebant3
719 2356 934 2431 posteaquam
962 2349 1099 2432 propius

81 2441 321 2507 successerunt,
354 2441 411 2494 aut
443 2453 479 2495 se
513 2432 652 2494 stimulis
683 2433 889 2517 inopinantes
922 2433 1101 2497 induebant

82 2519 192 2583 autin
215 2519 351 2581 scrobes
375 2516 475 2581 delati
497 2516 798 2582 transfodiebantur
820 2526 876 2581 aut
898 2539 940 2581 ex
961 2519 1049 2583 vallo
1068 2527 1102 2582 et

81 2606 226 2668 turribus
243 2604 369 2688 trajecti
391 2603 465 2686 pilis
488 2604 666 2667 muralibus
688 2604 868 2668 interibant
913 2605 1027 2668 Multis
1042 2626 1101 2668 un·

83 2691 182 2774 dique
215 2690 404 2753 vulneribus
437 2690 580 2775 acceptis
614 2689 703 2753 nulla
736 2690 912 2754 munitione
944 2701 1102 2775 perrupta

82 2798 182 2861 quum
205 2776 264 2840 lux
285 2783 462 2859 appeteret,
497 2776 597 2848 veriti,
631 2797 672 2839 ne
704 2776 744 2839 ab
780 2777 879 2839 latere
912 2788 1027 2862 aperto
1061 2798 1101 2839 ex

83 2862 308 2946 superioribus
331 2862 448 2924 castris
471 2862 643 2946 eruptione
663 2863 976 2938 circumvenirentur,
1000 2884 1036 2926 se
1059 2861 1102 2925 ad

84 2970 164 3011 suos
189 2960 389 3031 receperunt.
433 2947 478 3010 At
498 2947 678 3022 interiores,
702 2947 848 3021 dumea,
872 2970 997 3033 quasa
1020 2948 1103 3011 Ver·

84 3034 281 3118 cingetorige
304 3032 347 3096 ad
370 3033 570 3118 eruptionem
595 3047 787 3118 praeparata
799 3047 898 3109 erant,
920 3034 1103 3119 proferunt,

84 3121 210 3205 priores
244 3118 354 3181 fossas
387 3118 530 3204 explent,
563 3119 685 3183 diutius
718 3121 749 3183 in
771 3121 824 3184 his
846 3122 945 3184 rebus
968 3120 1103 3184 admini-

84 3205 228 3268 strandis
261 3206 377 3268 morati
410 3205 501 3289 prius
535 3227 616 3269 suos
648 3205 843 3270 discessisse
868 3216 1103 3292 cognoverunt,

84 3311 181 3375 quam
202 3292 435 3354 munitionibus
457 3292 766 3376 appropinquarent
809 3293 859 3356 lta
880 3313 916 3355 re
936 3290 1057 3355 infecta
1070 3291 1103 3355 in

85 3376 242 3462 oppidum
268 3386 479 3440 reverterunt.

127 3463 177 3528 83.
221 3462 278 3526 Bis
301 3483 418 3547 magno
442 3483 515 3526 eum
537 3462 732 3526 detrimento
753 3463 877 3547 repulsi
901 3461 995 3536 Galli,
1022 3460 1103 3547 quid

85 3557 190 3633 agant
217 3549 407 3622 consulunt3
441 3549 588 3612 locorum
620 3550 745 3632 peritos
773 3548 944 3624 adhibent3
978 3570 1019 3611 ex
1051 3548 1103 3611 his

86 3634 291 3718 superiorum
313 3643 495 3697 castrorum
510 3635 593 3697 situs
608 3634 868 3717 munitionesque
891 3642 1103 3718 cognoscunt.
1178 3627 1184 3645 ’

85 3719 166 3782 Erat
188 3740 207 3781 a
230 3720 506 3803 septentrionibus
529 3721 634 3795 collis,
658 3741 753 3805 quem
778 3728 914 3804 propter
946 3720 1104 3804 magnitu-

87 3805 194 3868 dinem
217 3805 370 3868 circuitus
393 3827 493 3889 opere
515 3806 734 3890 circumplecti
756 3827 821 3869 non
844 3814 1019 3890 potuerant
1047 3826 1108 3868 no-

87 3891 160 3956 stri:
193 3891 380 3954 neeessario
412 3913 516 3976 paene
547 3891 659 3977 iniquo
692 3891 768 3956 loco
797 3891 965 3957 et-leniter
987 3890 1106 3957 declivi
