2468 4312
470 208 531 282 nm.
554 241 609 283 vn.
655 240 723 283 car.
746 219 840 284 4-9.
1090 221 1151 286 119

121 423 124 427 .
158 372 188 436 7.
233 371 365 437 Interim
388 371 562 436 Lucterius
587 371 758 436 Cadurcus
781 372 814 436 in
843 372 993 437 Rutenos
1028 374 1149 438 missus

114 477 189 521 eam
212 458 378 521 civitatem
402 458 558 521 Arvernis
581 457 743 521 conciliat
787 458 992 556 Progressus
1026 459 1059 522 in
1092 459 1150 524 Ni·

113 543 275 629 tiobriges
298 550 333 607 et
355 543 502 608 Gabalos
537 544 577 607 ab
611 543 762 626 utrisque
795 543 932 607 obsides
965 545 1084 629 accipit
1117 552 1150 608 et

113 648 235 713 magna
255 637 372 692 coacta
394 649 491 691 manu
515 628 549 691 in
577 628 779 712 provinciam
807 629 998 693 Narbonem
1032 651 1148 693 versus

114 713 321 797 eruptionem
343 713 452 778 facere
478 712 656 776 contendit
703 710 798 792 ¹Qua
819 734 856 776 re
884 715 1036 778 nunciata
1069 713 1149 781 Cac-

113 819 171 861 sar
199 799 351 862 omnibus
385 798 532 862 consiliis
565 797 835 861 antevertendum
869 799 1076 872 existimavit,
1111 808 1149 864 ut

113 882 304 947 Narbonem
328 883 602 967 proficisceretur.
647 881 698 945 Eo
722 904 823 966 quum
847 884 1001 956 venisset,
1034 885 1148 948 tinien-

112 975 166 1030 tes
189 967 370 1043 confirmat,
391 969 557 1052 praesidia
578 968 612 1030 in
635 967 774 1031 Rutenis
786 969 1052 1052 provincialibus,
1066 969 1147 1032 Vol·

114 1053 163 1116 cis
185 1052 398 1126 Arecomicis‚
421 1052 640 1116 Tolosatibus
653 1052 840 1137 circumque
851 1055 1049 1123 Narbonem,
1062 1076 1147 1137 quae

112 1137 189 1200 loca
210 1138 367 1203 hostibus
393 1147 485 1201 erant
508 1138 651 1212 finitima,
674 1138 859 1212 constituit;
881 1147 1008 1222 partem
1035 1140 1146 1222 copia-

111 1243 186 1285 rum
209 1245 250 1286 ex
273 1224 445 1306 provincia
477 1223 818 1307 supplementumque,
852 1223 944 1307 quod
977 1246 1019 1286 ex
1051 1225 1146 1288 Italia

111 1306 309 1382 adduxerat
331 1309 365 1371 in
390 1307 537 1382 Helvios,
566 1309 623 1391 qui
645 1307 728 1371 fines
763 1307 987 1372 Arvernorum
1020 1310 1145 1373 contin-

110 1401 202 1477 gunt,
225 1393 401 1457 convenire
419 1393 524 1477 jubet.

132 1541 134 1545 ,
153 1478 184 1542 8.
230 1477 311 1540 lHis
334 1479 435 1541 rebus
459 1479 657 1563 comparatis
680 1500 837 1562 represso
855 1479 924 1563 jam
939 1478 1095 1542 Lucterio
1112 1488 1145 1544 et

110 1570 248 1638 remoto,
272 1563 364 1646 quod
386 1564 508 1626 intrare
530 1564 616 1626 intra
637 1564 804 1647 praesidia
814 1564 1037 1647 periculosum
1049 1573 1144 1648 puta·

109 1647 177 1722 bat,
199 1648 233 1711 in
255 1647 394 1711 Helvios
441 1648 646 1712 roficiscitur.
691 1648 766 1712 Etsi
789 1671 883 1713 mons
903 1648 1064 1723 Cevenna,
1087 1650 1143 1733 qui

108 1734 279 1796 Arvernos
303 1735 344 1796 ab
368 1670 496 1797 Helviis
520 1733 686 1807 discludit,
710 1733 887 1797 durissimo
905 1743 1052 1819 tempore
1068 1735 1143 1797 anni

109 1818 271 1881 altissima
292 1819 366 1881 nive
387 1819 451 1881 iter
472 1818 680 1902 impediebat,
703 1828 812 1883 tamen
827 1818 981 1883 discussa
996 1820 1069 1883 nive
1082 1841 1142 1882 sex

108 1903 141 1965 in
164 1903 370 1967 altitudinem
393 1902 514 1986 pedum
538 1914 638 1986 atque
659 1905 706 1967 ita
727 1905 789 1967 viis
812 1904 985 1988 patefactis
1013 1927 1141 1969 summo

108 1989 245 2051 militurn
269 1987 393 2051 sudore
426 1988 470 2051 ad
503 1989 585 2052 fines
613 1990 835 2053 Arvernorum
859 1990 1015 2074 pervenit.
1061 1989 1142 2069 Qui·

107 2073 173 2137 bus
197 2074 369 2156 oppressis
391 2073 647 2156 inopinantibus,
671 2073 764 2157 quod
775 2096 812 2137 se
824 2074 975 2139 Cevenna
997 2084 1139 2138 ntmuro

107 2158 254 2221 munitos
277 2157 508 2221 existimabant
529 2180 568 2221 ac
590 2181 631 2223 ne
654 2159 812 2242 singulari
835 2160 967 2242 quidem
995 2181 1140 2243 unquam

106 2243 230 2306 homini
254 2265 293 2305 eo
317 2254 465 2325 tompore
488 2244 562 2306 anni
586 2244 723 2306 semitae
755 2253 938 2326 patuerant,
973 2245 1138 2327 equitibus

106 2327 254 2411 imperat,
277 2336 322 2402 ut,
346 2349 443 2409 quam
466 2328 624 2391 latissime
647 2329 787 2411 possint,
810 2342 969 2414 vagentur
985 2341 1018 2393 et
1040 2350 1139 2412 quarn

106 2414 280 2476 maximum
303 2413 459 2476 hostibus
481 2421 639 2477 terrorem
662 2411 810 2476 inferant.
867 2412 1023 2478 Celeriter
1054 2413 1138 2479 haec

104 2497 192 2561 fama
215 2519 254 2561 ac
275 2498 401 2561 nunciis
425 2496 468 2560 ad
490 2497 793 2595 Vercingetorigem
806 2497 1023 2581 perferuntur,
1040 2521 1137 2583 quem

104 2584 271 2667 perterriti
294 2604 408 2644 omnes
430 2582 571 2645 Arverni
583 2584 829 2646 circumsistunt
839 2591 938 2666 atque
952 2585 1136 2660 obsecrant,

104 2678 143 2732 ut
164 2669 235 2731 suis
258 2666 399 2731 fortunis
424 2667 584 2741 consulat,
608 2668 710 2732 ²neve
733 2669 775 2733 ab
798 2667 952 2733 hostibus
982 2669 1136 2754 diripian-

104 2762 167 2826 tur,
191 2754 385 2836 praesertim
408 2773 508 2835 quum
530 2753 643 2816 videat
664 2774 760 2816 omne
783 2752 875 2817 adse
890 2754 1014 2818 bellum
1030 2765 1135 2818 trans·

104 2838 215 2901 latum.
279 2835 428 2916 Quorum
465 2837 522 2901 ille
555 2838 709 2923 precibus
746 2848 917 2921 permotus
951 2848 1061 2903 castra
1094 2863 1135 2903 ex

102 2922 306 3007 Biturigibus
330 2931 442 2985 movet
462 2922 495 2985 in
518 2923 686 2986 Arvernos
711 2945 837 2988 versus.

147 3008 176 3071 9.
221 3009 267 3071 At
289 3006 410 3070 Cacsar
434 3007 570 3071 biduum
590 3008 624 3071 in
645 3008 697 3072 his
726 3008 808 3072 locis
842 3017 999 3084 moratus,
1023 3010 1135 3093 ¹quod

101 3093 185 3157 haec
209 3092 252 3156 de
273 3092 543 3177 Vercingetorige
566 3115 629 3156 usu
653 3102 790 3157 ventura
815 3095 969 3178 opinione
1002 3117 1135 3179 praecc-

101 3187 206 3262 perat,
228 3200 288 3261 per
311 3199 442 3241 cansam
476 3199 517 3242 su
542 3178 696 3261 plementi
729 3180 961 3263 equitatusque
994 3180 1135 3265 cogendi

101 3265 145 3327 ab
169 3264 315 3326 exercitu
338 3261 494 3336 discedit3
517 3200 656 3327 Brutum
678 3262 924 3328 adolescentem
952 3265 1005 3328 his
1028 3266 1133 3349 copiis

126 3347 264 3422 raeficit3
286 3348 375 3412 hunc
397 3356 517 3422 monet,
538 3349 617 3411 utin
631 3370 744 3412 omnes
756 3358 868 3432 partes
892 3351 1018 3434 equites
1035 3371 1133 3433 quam

100 3370 261 3496 lbtissime
286 3440 519 3517 pervagenturz
543 3432 696 3496 daturum
719 3455 756 3499 sc
772 3456 915 3517 operam,
938 3457 980 3497 ne
1002 3435 1132 3519 longius

100 3517 214 3581 triduo
244 3519 285 3580 ab
320 3518 438 3580 castris
462 3518 557 3581 absit.
612 3517 674 3581 His
704 3520 894 3582 constitutis
927 3521 1027 3583 rebus
1062 3520 1131 3583 suis

99 3604 346 3687 inopinantibus
360 3603 618 3686 quammaximis
641 3613 756 3686 potest
777 3605 947 3667 itineribus
971 3604 1132 3667 Viennam

98 3689 258 3772 pervenit.
303 3688 352 3751 Ibi
375 3695 491 3751 nactus
513 3699 678 3751 recentem
704 3689 893 3770 equitatum,
921 3709 1018 3771 quem
1050 3689 1132 3753 mul-

99 3774 143 3836 tis
168 3783 244 3835 ante
267 3772 385 3835 diebus
408 3794 448 3835 eo
477 3773 699 3855 praemiserat,
732 3794 839 3856 neque
874 3772 991 3837 diurno
1024 3797 1132 3859 neque

99 3867 264 3922 nocturno
287 3858 402 3939 itinere
423 3857 610 3921 intermisso
643 3879 704 3942 per
736 3857 819 3921 fines
852 3858 1066 3925 Haeduorum
1098 3861 1132 3925 in
