2468 4312
139 213 203 287 lli
490 246 531 285 ne
554 240 655 285 nanno
678 240 816 287 astaret

183 380 233 441 (53.
280 376 469 440 Defectione
492 377 702 440 Haeduorum
725 379 856 462 cognita
878 377 999 440 bellum
1016 390 1162 461 angetur.

142 464 393 549 Legationes-in
416 485 529 526 ornnes
551 474 663 547 partes
677 463 981 526 circrrmmitt-untur:
1004 474 1163 547 quantum

141 552 252 636 gratia.
276 551 477 623 auctoritate,
501 550 638 632 pecunia
660 549 777 623 vatent,
800 548 844 612 ad
866 548 1093 612 sollicitandas
1118 551 1163 612 ci·

139 638 258 699 vitates
281 638 434 698 nituntur.
488 636 583 699 Nacti
618 634 762 705 obsides,
799 656 884 718 quos
918 633 1040 698 Caesar
1073 634 1162 719 apud

141 744 199 784 eos
224 721 431 805 deposuerat,
454 719 570 782 horum
593 742 632 782 su
657 720 756 803 plicio
782 720 969 784 dubitantes
1004 722 1162 784 territant.

140 806 261 870 Pet-unt
283 827 302 868 a
327 805 591 890 Vercingetorige
646 805 751 879 aedui,
773 814 811 869 ut
832 804 875 868 ad
901 827 937 867 se
969 808 1079 869 veniat
1111 827 1163 870 ra·

140 893 313 974 tionesque
345 891 421 953 belli
458 890 592 975 gerendi
628 892 850 954 communicet.
904 890 953 953 Re
989 892 1164 976 impetrata

141 976 351 1047 contendunt,
373 987 410 1039 ut
431 976 513 1060 ipsis
537 998 660 1039 summa
682 977 807 1060 imperii
829 975 987 1049 tradatur,
1017 989 1050 1040 et
1072 999 1107 1040 rc
1127 978 1163 1040 in

141 1063 394 1126 controversiam
420 1061 561 1125 deducta
582 1063 684 1124 totius
708 1061 832 1125 Galliac
854 1063 1026 1125 concilium
1048 1063 1164 1126 Bibra·

141 1159 192 1210 cte
216 1148 374 1211 iudicitur.
420 1147 545 1210 Eodem
568 1147 765 1210 conveniunt
786 1147 931 1231 undique
962 1147 1162 1232 frequentes.

139 1233 360 1296 Multitudinis
384 1233 546 1318 suffragiis
568 1254 622 1295 res
644 1232 854 1317 permittitur:
878 1233 1031 1296 adunam
1048 1256 1162 1297 omnes

140 1318 441 1404 Vercingetorigem
464 1321 605 1403 probant
626 1319 863 1402 imperatorem.
919 1320 970 1383 Ab
997 1319 1062 1382 hoc
1085 1343 1164 1383 con·

141 1406 215 1468 cilio
239 1405 339 1477 Remi,
363 1405 536 1488 Lingones,
558 1403 686 1466 Treviri
709 1403 876 1467 afuerunt:
899 1404 954 1474 illi,
978 1405 1069 1487 quod
1085 1407 1163 1468 ami·

141 1492 245 1553 citiam
270 1491 488 1553 Romanorum
501 1491 736 1572 sequebantur:
760 1488 896 1563 Treviri,
920 1489 1010 1573 quod
1027 1492 1164 1554 aberant

140 1576 269 1661 lougius
294 1586 326 1639 et
348 1578 389 1639 ab
413 1575 581 1638 Germanis
604 1577 842 1659 premebantur,
864 1596 949 1658 quae
970 1574 1032 1639 fuit
1053 1598 1162 1651 causa,

140 1681 240 1745 quare
263 1672 334 1724 toto
357 1663 512 1724 abessent
533 1661 622 1724 bello
645 1670 678 1724 et
698 1661 823 1724 neutris
846 1661 966 1724 auxilia
987 1662 1162 1726 mitterent.

138 1748 260 1832 Magno
285 1747 400 1810 dolore
424 1746 552 1809 Haedui
574 1745 682 1809 ferunt
714 1768 752 1809 se
786 1746 932 1829 dejectos
962 1748 1162 1831 principatu3

140 1848 320 1916 queruntur
342 1832 492 1896 fortunae
514 1832 797 1895 commutationem
820 1840 853 1895 et
874 1832 1024 1896 Caesaris
1054 1833 1162 1896 indul·

138 1920 279 2002 gentiam
302 1920 335 1980 in
358 1941 394 1980 se
416 1919 593 2003 requirunt,
615 1939 721 2000 neque
744 1929 850 1980 tamen
879 1927 1038 2002 susc-epto
1072 1919 1161 1982 bello

140 2025 233 2065 suum
258 2004 430 2065 consilium
463 2005 504 2066 ab
537 2004 672 2086 reliquis
707 2024 860 2086 separare
882 2003 1013 2067 audent.
1065 2005 1161 2068 Inviti

139 2110 283 2150 summae
307 2090 377 2172 spei
400 2088 627 2152 adolescentes
646 2087 855 2173 Eporedorix
877 2100 911 2152 et
932 2089 1161 2153 Viridomarus

138 2173 397 2259 Vercingetorigi
420 2188 544 2258 parent.

181 2261 231 2323 64.
278 2261 372 2344 ¹lpse
394 2262 532 2344 imperat
553 2260 688 2343 reliquis
710 2260 896 2323 civitatibus
912 2259 1047 2322 obsides
1061 2259 1161 2323 diem-

139 2365 203 2428 que
225 2346 301 2409 ,huic
323 2348 368 2409 rei
392 2346 575 2413 constituit:
609 2367 721 2408 ornnes
756 2347 891 2429 equites,
925 2367 971 2409 xv
993 2346 1080 2408 milia
1103 2368 1161 2408 nu-

138 2453 236 2499 mero,
260 2433 408 2495 celeriter
431 2433 603 2494 convenire
621 2432 731 2516 jubet3
764 2430 921 2514 peditatu,
944 2453 1041 2513 quem
1065 2442 1161 2494 antea

138 2517 304 2591 habuerat
328 2541 364 2581 se
387 2518 457 2580 sore-
480 2526 666 2580 coutentum
690 2516 776 2583 dicit.
799 2538 904 2601 neque
915 2515 1077 2580 fortunam
1091 2529 1160 2580 ten·

139 2612 280 2665 tatururn
303 2605 413 2667 autin
436 2605 503 2666 acie
526 2602 760 2674 dimicaturum,
783 2602 852 2675 sed,
876 2605 1027 2685 quoniam
1057 2604 1159 2666 abun-

140 2688 196 2750 det
229 2690 389 2771 equitatu‚
422 2688 576 2771 perfacile
609 2710 683 2751 esse
716 2687 819 2762 factu,
851 2687 1159 2751 frumentationibus

139 2769 470 2858 pabulationibusque
503 2775 669 2837 Romanos
701 2773 885 2857 prohibere,
920 2795 1026 2856 aequo
1058 2773 1159 2837 modo

139 2861 245 2921 animo
268 2881 329 2922 sna
349 2860 414 2944 ipsi
435 2859 595 2922 frumenta
624 2869 834 2942 corrumpant
866 2859 1080 2943 aedificiaque
1112 2860 1160 2922 in-

139 2945 288 3014 cendant,
312 2967 376 3030 (lna
387 2947 431 3008 rei
444 2945 610 3008 familiaris
628 2946 758 3030 jactura
774 2957 967 3028 perpetuum
989 2945 1159 3028 imperium

138 3031 385 3114 libertatemque
419 3053 455 3093 se
488 3033 647 3114 consequi
679 3030 819 3093 videant.
875 3030 936 3093 His
969 3030 1159 3094 constitutis

137 3118 236 3180 rebus
262 3117 406 3180 Haeduis
430 3118 693 3202 Segusiauisque,
717 3116 772 3199 qui
793 3126 872 3178 sunt
890 3116 1011 3178 finitimi
1027 3117 1159 3199 provin-

139 3204 215 3273 ciae,
239 3226 260 3264 x
283 3203 369 3266 milia
391 3203 536 3286 peditum
558 3203 709 3286 imperat;
732 3201 797 3264 huc
818 3201 911 3264 addit
928 3204 1054 3285 equites
1070 3223 1158 3264 neec.

138 3288 199 3352 His
223 3289 369 3372 praeficit
397 3289 528 3351 l'ratrem
562 3286 796 3372 Eporedorigis
830 3287 1016 3370 bellumque
1049 3286 1160 3350 inferri

138 3375 373 3460 Allobrogibus
392 3374 495 3459 jubet.
540 3373 653 3436 Altera
675 3395 715 3435 ex
744 3383 835 3456 parte
870 3372 1015 3436 Gabalos
1048 3373 1159 3456 proxi-

138 3482 275 3544 mosque
298 3482 403 3546 pagos
427 3461 647 3523 Arvernorum
670 3461 703 3521 in
726 3457 872 3532 llelvios,
900 3457 975 3520 itenr
1009 3458 1158 3522 Rutenos

139 3544 375 3630 Cadurcosque
398 3546 440 3609 ad
463 3547 544 3608 fines
567 3544 745 3608 Volcarum
767 3545 1032 3611 Arecomicorum
1057 3543 1159 3628 depo-

150 3631 303 3694 iulandos
332 3633 437 3695 mittit.
492 3631 604 3695 Nihilo
641 3631 746 3693 minus
783 3629 995 3692 clandestinis
1033 3630 1158 3693 nunciis

152 3719 421 3802 egationibusque
443 3717 642 3801 Allobrogas
666 3716 829 3785 sollicitat
863 3736 1001 3798 quorum
1035 3724 1158 3779 mentes

138 3803 283 3866 nondum
306 3806 347 3867 ab
371 3805 539 3888 superiore
573 3802 661 3865 bello
694 3801 859 3864 resedisse
883 3801 1045 3884 sperabat.
1089 3800 1158 3864 Ho-

137 3908 208 3950 ruru
231 3889 432 3974 principibus
456 3888 620 3973 pecunias,
644 3888 765 3951 civitati
788 3897 895 3951 auteur
917 3887 1088 3971 imperium
1109 3895 1159 3951 to-

138 3973 201 4037 tius
222 3976 411 4060 provinciae
434 3974 615 4059 pollicetur.
