2468 4312
452 242 512 284 nm.
535 241 590 285 vu.
613 241 680 286 car.
702 221 837 288 48-54.
1069 221 1130 290 139

106 373 259 439 subsidio
282 375 383 459 paulo
406 376 560 459 aequiore
588 377 663 440 loco
686 377 886 440 eonstitcrat.
942 378 1036 443 Hane
1057 401 1129 443 rur·

107 482 167 524 sus
189 483 255 524 xm.
278 460 416 546 legionis
439 462 593 526 cohortes
607 470 811 547 exceperunt,
841 484 924 546 quae
947 486 989 527 ex
1011 466 1128 530 castris

106 545 288 611 minoribus
312 546 448 610 eductae
472 569 543 611 cum
566 546 605 612 Τ.
628 547 742 612 Sextio
764 548 872 632 legato
896 560 1050 635 ceperant
1078 551 1127 614 lo-

106 654 181 696 cum
204 633 413 717 superiorem.
458 633 627 718 Legiones,
650 634 705 697 ubi
727 634 864 719 primurn
877 635 1043 719 planitiem
1055 637 1128 699 atti·

104 727 243 804 gerunt
256 717 383 781 infestis
396 727 509 782 contra
520 718 635 783 hostes
651 720 752 804 signis
774 721 998 785 constiterunt
1045 722 1128 786 Ver·

107 805 289 888 cingetorix
311 805 351 867 ab
374 803 538 868 radicibus
573 805 667 867 collis
701 827 781 868 suos
803 806 899 870 iutra
931 808 1126 872 munitiones

104 888 246 954 reduxit.
290 889 341 953 Eo
365 889 418 954 die
439 891 557 954 milites
581 900 658 954 sunt
679 891 778 975 paulo
801 893 907 955 minus
930 893 1126 980 septingenti

107 974 294 1040 desiderati.

151 1060 201 1125 52.
244 1060 385 1124 Postero
408 1060 461 1125 die
484 1060 605 1125 Caesar
627 1061 782 1126 concione
805 1063 966 1128 aduocata
999 1065 1126 1128 temeri-

105 1155 207 1210 tatem
229 1146 505 1231 cupiditatemque
537 1148 671 1210 militum
704 1148 923 1232 reprehendit,
956 1152 1038 1238 qnod
1067 1152 1127 1214 sibi

104 1234 167 1318 ipsi
181 1233 407 1314 ybdieavissent,
441 1256 499 1319 qna
526 1232 753 1318 procedendum
785 1245 840 1297 aut
869 1236 944 1320 qaid
976 1237 1126 1320 apendum

103 1319 263 1393 videretur,
285 1341 379 1404 nepae
399 1321 485 1402 siyno
506 1320 674 1403 recepimdi
705 1319 777 1382 dato
809 1323 1003 1385 constitissent
1031 1345 1127 1408 neque

104 1404 146 1468 ab
167 1405 296 1466 tribunis
316 1405 446 1467 militam
467 1406 629 1491 tepetispae
650 1407 774 1468 retineri
790 1408 964 1490 potuissent.
1018 1408 1125 1492 Enpe-

101 1492 170 1570 suit,
192 1490 267 1576 qaid
287 1492 432 1576 iniqnitas
453 1492 512 1554 loci
539 1501 647 1575 posset,
681 1492 755 1577 qaid
785 1493 851 1576 ipse
884 1493 927 1555 ad
957 1494 1125 1557 Avariaem

101 1578 244 1656 sensisset,
267 1599 359 1661 qaam
379 1578 444 1638 sine
465 1577 539 1638 dnae
561 1588 588 1639 et
607 1578 672 1638 sine
694 1579 826 1662 eqnitata
850 1578 1040 1662 deprehensis
1071 1579 1124 1642 do·

100 1662 195 1724 sabeis
216 1662 406 1745 exploratam
427 1664 584 1725 victoriam
605 1662 769 1742 dimisisset,
803 1687 841 1726 ne
870 1687 1003 1747 parcam
1033 1665 1123 1727 moda

101 1747 310 1810 detrimentum
332 1749 365 1810 in
387 1751 570 1811 contentione
585 1758 715 1832 propter
736 1750 924 1833 iniquitatem
952 1750 1011 1812 laci
1043 1751 1124 1812 acci·

101 1833 201 1896 deret
237 1833 356 1912 Quanto
378 1856 468 1917 opere
490 1857 592 1897 eoram
625 1834 723 1896 animi
753 1835 991 1918 mapnitndinem
1024 1836 1123 1899 admi·

100 1930 231 1999 ranetam,
254 1941 398 2005 quosnam
410 1931 576 1982 castrorum
597 1921 785 1995 munitiones,
807 1942 868 1983 non
891 1922 1018 1984 altitudo
1037 1942 1123 1984 mon·

101 2006 147 2083 tir,
170 2028 231 2067 aron
253 2029 358 2067 mesmes
380 2006 488 2090 oppidi
509 2006 635 2068 tardare
651 2007 803 2088 potuisset,
826 2017 907 2069 tanto
931 2008 1122 2092 opereiicen·

101 2093 177 2155 tiam
199 2093 467 2176 amopantiamque
498 2091 723 2176 reprehendere,
756 2093 837 2178 qnod
862 2094 936 2176 pins
967 2116 999 2156 se
1030 2116 1123 2179 qnam

100 2179 315 2262 imperatorem
337 2177 373 2238 de
394 2179 522 2240 victoria
544 2188 632 2262 atqtie
653 2179 733 2239 scitu
754 2201 857 2240 remim
881 2180 990 2241 sentire
1022 2181 1123 2242 eent-

100 2273 236 2344 marent5
257 2285 311 2324 nee
331 2265 431 2324 mimis
451 2287 482 2326 se
504 2264 543 2325 ab
564 2263 658 2325 milite
678 2263 853 2326 modestiam
868 2274 895 2326 et
908 2266 1122 2327 continentiam

101 2372 194 2436 priam
214 2349 351 2410 virtatem
373 2360 461 2433 atque
482 2351 580 2411 animi
600 2349 837 2430 magnitudinem
859 2349 1039 2412 desiderare.

144 2435 194 2497 53.
238 2433 310 2495 Hac
333 2433 443 2496 habita
466 2435 623 2497 concione
645 2432 732 2497 etad
744 2444 919 2497 extremam
941 2435 1122 2498 orationem

101 2519 299 2583 confirmatis
322 2520 487 2585 militibus.
509 2544 548 2582 ne
569 2521 605 2582 ob
627 2519 707 2581 dane
729 2542 854 2583 causam
876 2523 980 2583 animo
996 2543 1122 2604 permo-

100 2616 240 2668 verentur
260 2629 326 2684 neu,
350 2605 432 2691 qnod
451 2607 596 2690 iniquitas
617 2606 676 2667 loci
697 2605 845 2686 attulisset,
879 2606 913 2668 id
933 2607 1037 2669 nirtnti
1068 2606 1121 2669 lto·

98 2693 189 2754 stiam
211 2692 379 2770 tribuere-nt,
403 2690 516 2753 eadem
539 2691 580 2754 de
609 2689 811 2774 profectione
844 2692 1001 2774 cogitans,
1036 2712 1121 2773 quae

100 2785 176 2840 aute
199 2786 359 2849 senserat,
383 2777 527 2861 legiones
551 2798 592 2838 ex
614 2776 731 2840 castris
744 2775 858 2839 eduxit
868 2777 1035 2860 aciemque
1050 2776 1122 2840 ido·

99 2883 163 2926 neo
186 2863 261 2924 loco
285 2863 460 2925 constituit.
506 2860 613 2941 Qurun
636 2861 885 2942 Vercingetorix
904 2863 1120 2946 nihilomagis

99 2947 133 3010 in
156 2967 294 3029 aequum
307 2947 413 3010 locum
428 2946 650 3019 descenderet,
672 2947 746 3010 levi·
757 2947 845 3010 facto
858 2948 1002 3031 equestri
1025 2942 1121 3031 proe-

100 3032 144 3096 lio
169 3043 267 3114 atque
291 3033 437 3096 secundo
452 3033 484 3096 in
500 3044 609 3096 castra
631 3033 806 3096 exercitum
828 3032 967 3096 reduxit.
1012 3032 1120 3112 Quum

99 3116 165 3182 hoc
186 3119 273 3182 idem
296 3129 430 3202 postero
454 3118 507 3181 die
529 3117 670 3192 fecisset,
694 3119 773 3181 satis
787 3117 830 3182 ad
843 3118 1000 3182 Gallicam
1012 3129 1121 3183 osten-

99 3205 254 3268 tationem
278 3204 482 3267 minuendam
505 3204 705 3287 militumque
728 3205 852 3268 animos
878 3204 1119 3268 confirmandos

98 3288 220 3354 iactum
244 3291 431 3353 existimans
453 3291 485 3352 in
508 3289 666 3352 Haeduos
688 3291 790 3352 movit
813 3299 928 3352 castra.
978 3292 1029 3355 Nc
1053 3302 1120 3353 tum

100 3376 232 3459 quidem
253 3376 409 3438 insecutis
432 3374 586 3439 hostibus
608 3375 704 3438 tertio
728 3375 780 3438 die
803 3374 845 3438 ad
867 3374 986 3438 flumen
1000 3375 1121 3438 Elaver

98 3470 218 3545 pontes
240 3461 344 3524 reficit
367 3482 472 3544 eoque
494 3462 670 3524 exercitum
692 3460 841 3523 traducit.

143 3547 191 3610 54.
236 3548 285 3610 lbi
307 3568 327 3610 a
349 3545 557 3610 Viridomaro
591 3556 689 3630 atque
722 3544 948 3630 Eporedorige
971 3544 1119 3608 Haeduis

99 3633 285 3716 appellatus
320 3631 424 3705 discit,
458 3655 530 3696 cum
564 3632 649 3695 omni
684 3633 829 3716 equitat-u
862 3630 1042 3694 Litavicum
1076 3631 1117 3694 ad

99 3716 326 3781 sollicitandos
352 3718 509 3782 Haeduos
531 3717 714 3803 profectum
736 3737 824 3779 esse:
858 3716 963 3799 ¹opus
991 3738 1065 3780 esse
1088 3726 1121 3780 et

98 3803 192 3887 ipsos
229 3804 421 3867 antecedere
456 3804 499 3868 ad
533 3801 786 3866 confirmandam
819 3802 988 3865 civitatem.
1048 3801 1118 3873 Etsi

98 3889 210 3952 multis
238 3889 308 3974 jam
340 3891 440 3954 rebus
473 3888 643 3975 perfidiam
675 3886 887 3964 Haeduorum
913 3897 1120 3974 perspectam
