2468 4312
131 192 173 260 66
437 253 439 260 ,
469 215 512 257 na
534 214 637 256 nanno
659 214 797 258 onmrco

132 369 292 435 passuum
315 353 441 433 septem
463 346 504 412 ab
528 369 567 411 eo
590 346 666 411 loco
687 367 887 434 progressus
909 355 1024 434 aperto
1036 368 1076 413 ac
1086 347 1157 433 pla·

130 456 174 500 no
196 434 293 498 litore
314 454 415 497 naves
439 431 616 497 constituit.

175 520 225 584 24.
269 520 314 585 At
334 518 466 584 barbari
488 517 626 583 consilio
649 515 871 583 Romanorum
893 519 1026 605 cognito
1049 518 1158 604 ¹prae·

131 604 234 670 misso
258 605 404 688 equitatu
428 612 460 667 et
482 603 667 679 essedariis,
690 625 757 688 quo
779 603 972 690 plerumque
993 606 1157 690 generein

131 691 266 778 proeliis
290 690 336 754 uti
359 697 568 766 consuerunt,
601 690 737 773 reliquis
771 691 875 814 copiis
905 691 1075 754 subsecuti
1097 713 1157 754 no·

7 811 10 816 ·
131 785 222 842 stros
245 776 384 841 navibus
408 775 520 861 egredi
542 774 769 860 prohibebant.
833 773 915 840 Erat
937 777 980 840 ob
1003 775 1064 840 bas
1080 798 1157 839 cau-

132 884 188 926 sas
212 883 338 926 summa
360 858 546 930 difficultas,
570 860 662 946 quod
683 882 784 925 naves
807 879 945 946 proptor
960 861 1157 947 maguitudi-

131 969 205 1012 nem
227 947 290 1011 nisi
311 946 345 1011 in
368 946 435 1011 alto
459 945 614 1011 constitui
636 968 704 1010 non
724 954 886 1030 poterant,
914 947 1070 1011 militibus
1100 969 1157 1011 au·

131 1041 196 1098 tem
219 1032 340 1119 ignotis
363 1032 455 1107 locis,
476 1031 642 1116 impeditis
668 1031 828 1109 manibus,
855 1053 974 1118 magno
1004 1040 1037 1096 et
1063 1033 1157 1118 gravi

132 1139 296 1183 armorum
319 1139 418 1182 onere
440 1117 621 1202 oppressis,
654 1115 752 1181 simul
779 1126 813 1181 et
840 1117 882 1182 de
906 1118 1046 1182 navibus
1070 1116 1157 1182 desi·

131 1201 278 1268 licndum
301 1211 333 1267 et
354 1203 387 1267 in
410 1201 563 1267 fluctibus
587 1202 834 1268 consistendum
857 1212 890 1267 et
911 1225 986 1267 cum
1001 1203 1156 1269 hostibus

133 1296 204 1354 erat
225 1288 452 1375 pugnandum:
476 1310 575 1388 quum
597 1288 644 1353 illi
667 1298 724 1352 aut
746 1311 788 1352 ex
810 1289 904 1353 arido
932 1297 990 1353 aut
1022 1289 1157 1374 paulum

132 1375 166 1439 in
188 1395 306 1457 aquam
328 1395 496 1459 progress1
520 1375 671 1443 omnibus
693 1375 846 1438 membris
871 1374 1034 1459 expeditis
1052 1375 1156 1439 notis·

133 1460 223 1524 simis
246 1459 329 1523 locis
352 1459 509 1525 audacter
531 1460 597 1524 tela
619 1459 819 1544 conjicerent
852 1467 885 1524 et
910 1481 1014 1544 equos
1047 1461 1156 1524 insue-

133 1544 242 1610 factos
263 1545 443 1609 incitarent.
488 1545 616 1625 Quibus
638 1547 738 1610 rebus
771 1546 877 1609 nostri
909 1547 1074 1630 perterriti
1108 1554 1156 1610 at·

134 1653 198 1717 que
219 1630 320 1716 hujus
343 1632 473 1696 omnino
496 1631 624 1717 generis
647 1652 777 1729 pugnae
798 1631 938 1716 imperiti
959 1653 1027 1694 non
1042 1631 1157 1696 eadem

133 1717 301 1781 alacritate
333 1737 372 1780 ac
404 1715 525 1788 studio,
559 1738 625 1802 quo
647 1739 681 1780 m
702 1715 915 1802 pedestribus
949 1717 998 1782 uti
1020 1718 1156 1802 proeliis

134 1808 341 1878 consuerant,
364 1801 579 1867 ⁵nitebantur.

177 1887 227 1951 25.
272 1885 372 1966 Quod
393 1889 449 1952 ubi
472 1887 593 1952 Caesar
626 1886 861 1965 animadvertit,
894 1910 996 1952 naves
1030 1889 1155 1975 longas,

135 1994 273 2058 quarum
297 1980 330 2035 et
352 1974 480 2057 species
504 1983 574 2037 erat
593 1974 743 2038 barbaris
765 1974 952 2039 inusitatior
980 1983 1013 2038 et
1044 1985 1155 2039 motus

135 2058 199 2122 lad
222 2079 317 2121 usum
340 2057 532 2145 expeditior,
561 2059 695 2145 paulum
728 2061 889 2124 removeri
922 2061 963 2124 ab
997 2062 1155 2125 onerariis

133 2144 273 2208 navibus
297 2152 330 2207 et
351 2144 449 2208 remis
471 2144 597 2208 incitari
621 2143 718 2209 etad
740 2144 827 2209 latus
850 2155 999 2230 apertum
1010 2146 1156 2210 hostium

134 2229 291 2294 constitui
313 2238 412 2314 atque
433 2230 511 2294 inde
532 2230 653 2303 fundis
677 2230 814 2315 sagittis,
840 2232 1010 2295 tormentis
1038 2230 1155 2295 hostes

134 2314 276 2401 propelli
298 2337 336 2379 ac
358 2316 555 2380 summoveri
572 2315 689 2401 jussit3
727 2335 811 2400 quae
843 2339 897 2380 res
930 2338 1047 2402 magno
1081 2319 1157 2382 usui

134 2401 258 2466 nostris
281 2400 350 2465 fuit
395 2402 478 2467 Nam
501 2410 534 2466 et
554 2402 685 2466 navium
707 2400 811 2486 figura
833 2409 867 2465 et
886 2424 1050 2467 remorum
1064 2419 1157 2467 motu

136 2495 168 2552 et
189 2486 344 2550 inusitato
367 2508 485 2573 genere
506 2494 743 2553 tormentorum
763 2488 903 2573 permoti
926 2488 1056 2553 barbari
1078 2510 1156 2555 con·

135 2572 288 2636 stiterunt
310 2593 348 2636 ac
394 2573 504 2637 aulum
535 2571 635 2636 modo
657 2571 776 2657 pedem
797 2574 988 2638 retulerunt
1032 2571 1156 2659 ²A'tque

133 2658 257 2722 nostris
280 2593 437 2723 militibus
460 2658 697 2733 cunctantibus
719 2658 859 2722 maxime
880 2668 1018 2745 propter
1046 2661 1156 2724 altitu·

135 2743 244 2807 (linem
264 2744 372 2820 maris,
405 2744 462 2828 qui
495 2743 639 2809 decimae
673 2743 812 2829 legionis
846 2744 988 2809 auilam
1019 2745 1156 2821 ferebat,

135 2829 361 2893 ³contestatus
385 2828 477 2905 deos,
499 2836 537 2893 ut
559 2851 598 2894 ea
619 2851 673 2894 res
696 2829 816 2916 legioni
843 2767 980 2895 fdlicitcr
1003 2832 1156 2907 eveniret,

133 2915 268 2996 Basilice,
290 2914 404 2999 inquit,
425 2916 540 2998 militer,
563 2917 625 2980 alsi
645 2911 734 2980 voto
756 2915 894 3004 aquilam
919 2917 1051 2982 hostibus
1078 2941 1156 3002 pro·

134 3000 221 3064 dere:
243 3022 296 3084 eye
318 3011 395 3065 certe
414 3024 514 3066 mnam
534 3002 581 3067 rei
596 2997 742 3088 publicae
770 3013 858 3090 mpure
885 3004 1065 3089 imperatori
1089 3003 1156 3094 offi-

134 3087 215 3150 cium
233 3087 421 3170 praestitero.
466 3087 540 3151 Hoc
562 3109 662 3186 quum
684 3109 768 3152 voce
794 3109 911 3174 magna
936 3088 1084 3165 dixisset,
1118 3111 1156 3153 se

135 3193 177 3235 ex
198 3172 273 3235 navi
294 3171 434 3257 projecit
455 3181 554 3258 atque
575 3196 609 3238 m
630 3172 745 3238 hostes
769 3174 910 3258 aquilam
931 3173 1017 3238 ferre
1037 3175 1155 3260 coepit.

134 3254 221 3322 Tum
242 3257 348 3321 nostri
370 3256 534 3324 cohortati
555 3258 639 3324 inter
661 3280 707 3336 se,
729 3280 770 3324 ne
791 3266 918 3325 tantum
940 3259 1085 3325 dedecus
1098 3260 1156 3324 ad·

134 3343 325 3419 mitteretur,
358 3344 502 3408 universi
535 3366 577 3410 ex
609 3344 686 3410 navi
717 3343 930 3410 desiluerunt.
978 3345 1052 3410 Hos
1078 3346 1156 3410 item

134 3430 198 3491 ⁴ex
220 3429 378 3512 proximis
402 3430 514 3515 primis
536 3430 675 3494 navibus
687 3451 787 3514 quum
802 3430 1062 3517 conspexissent
1077 3431 1156 3496 sub·

135 3514 241 3578 secuti
261 3513 414 3580 hostibus
437 3515 751 3601 appropinquarunt.

178 3599 228 3664 26.
271 3599 456 3685 Pugnatum
479 3609 530 3664 est
552 3602 593 3665 ab
615 3601 764 3686 utrisque
789 3601 916 3666 acriter.
969 3601 1084 3669 Nostri
1108 3610 1156 3666 ta·

134 3707 217 3760 men,
240 3684 331 3770 quod
352 3706 458 3769 neque
480 3685 633 3751 ¹ordines
657 3708 788 3751 servare
814 3709 922 3772 neque
947 3686 1081 3752 firmiter
1108 3688 1157 3752 in·

136 3770 253 3833 sistere
274 3793 380 3855 neque
403 3772 496 3858 signa
518 3772 677 3855 subsequi
698 3782 860 3858 poterant,
882 3782 981 3858 atque
993 3773 1076 3837 alius
1093 3773 1157 3837 alia

136 3875 178 3919 ex
199 3856 275 3920 navi
297 3857 557 3943 quibuscumque
590 3856 691 3945 signis
726 3868 913 3923 occurrerat
941 3880 978 3924 se
1000 3880 1156 3946 aggrega·
