<?xml version="1.0" encoding="UTF-8"?>
<!DOCTYPE html PUBLIC "-//W3C//DTD XHTML 1.0 Transitional//EN"
    "http://www.w3.org/TR/xhtml1/DTD/xhtml1-transitional.dtd">
<html xmlns="http://www.w3.org/1999/xhtml" xml:lang="en" lang="en">
 <head>
  <title>
</title>
<meta http-equiv="Content-Type" content="text/html;charset=utf-8" />
  <meta name='ocr-system' content='tesseract 3.04.00' />
  <meta name='ocr-capabilities' content='ocr_page ocr_carea ocr_par ocr_line ocrx_word'/>
</head>
<body>
  <div class='ocr_page' id='page_1' title='image "./cjuliicaesarisc00friggoog_0112.png"; bbox 0 0 2468 4312; ppageno 0'>
   <div class='ocr_carea' id='block_1_1' title="bbox 442 193 1143 260">
    <p class='ocr_par' dir='ltr' id='par_1_1' title="bbox 442 193 1143 260">
     <span class='ocr_line' id='line_1_1' title="bbox 442 193 1143 260; baseline 0.004 -4"><span class='ocrx_word' id='word_1_1' title='bbox 442 216 503 256; x_wconf 81' lang='lat' dir='ltr'>ms.</span> <span class='ocrx_word' id='word_1_2' title='bbox 526 216 558 257; x_wconf 82' lang='lat' dir='ltr'>v.</span> <span class='ocrx_word' id='word_1_3' title='bbox 582 215 650 256; x_wconf 77' lang='lat' dir='ltr'>cnr.</span> <span class='ocrx_word' id='word_1_4' title='bbox 664 193 800 258; x_wconf 83' lang='lat'><strong>52-56.</strong></span> <span class='ocrx_word' id='word_1_5' title='bbox 1101 194 1143 260; x_wconf 82' lang='lat'>95</span> 
     </span>
    </p>
   </div>
   <div class='ocr_carea' id='block_1_2' title="bbox 93 346 1146 3931">
    <p class='ocr_par' dir='ltr' id='par_1_2' title="bbox 106 346 1146 2032">
     <span class='ocr_line' id='line_1_2' title="bbox 109 346 1146 433; baseline 0 -21"><span class='ocrx_word' id='word_1_6' title='bbox 109 349 267 423; x_wconf 80' lang='lat' dir='ltr'>verinum,</span> <span class='ocrx_word' id='word_1_7' title='bbox 301 369 398 433; x_wconf 91' lang='lat' dir='ltr'>quem</span> <span class='ocrx_word' id='word_1_8' title='bbox 433 346 555 410; x_wconf 87' lang='lat' dir='ltr'>Caesar</span> <span class='ocrx_word' id='word_1_9' title='bbox 576 347 667 431; x_wconf 87' lang='lat' dir='ltr'>apud</span> <span class='ocrx_word' id='word_1_10' title='bbox 703 369 761 410; x_wconf 89' lang='lat' dir='ltr'>eos</span> <span class='ocrx_word' id='word_1_11' title='bbox 794 368 905 430; x_wconf 78' lang='lat' dir='ltr'>regom</span> <span class='ocrx_word' id='word_1_12' title='bbox 928 349 1146 419; x_wconf 87' lang='lat' dir='ltr'>constituerat</span> 
     </span>
     <span class='ocr_line' id='line_1_3' title="bbox 109 431 1143 520; baseline -0.001 -22"><span class='ocrx_word' id='word_1_13' title='bbox 109 435 218 520; x_wconf 85' lang='lat' dir='ltr'>(cujus</span> <span class='ocrx_word' id='word_1_14' title='bbox 241 433 343 498; x_wconf 88' lang='lat' dir='ltr'>frater</span> <span class='ocrx_word' id='word_1_15' title='bbox 364 433 567 517; x_wconf 79' lang='lat' dir='ltr'>Moritasgus</span> <span class='ocrx_word' id='word_1_16' title='bbox 595 433 740 496; x_wconf 87' lang='lat' dir='ltr'>adventu</span> <span class='ocrx_word' id='word_1_17' title='bbox 762 434 795 495; x_wconf 93' lang='lat' dir='ltr'>in</span> <span class='ocrx_word' id='word_1_18' title='bbox 819 431 958 496; x_wconf 85' lang='lat' dir='ltr'>Galliam</span> <span class='ocrx_word' id='word_1_19' title='bbox 992 435 1143 498; x_wconf 77' lang='lat' dir='ltr'><strong>Caesaris</strong></span> 
     </span>
     <span class='ocr_line' id='line_1_4' title="bbox 109 518 1143 606; baseline 0.001 -24"><span class='ocrx_word' id='word_1_20' title='bbox 109 521 275 606; x_wconf 84' lang='lat' dir='ltr'>cujusque</span> <span class='ocrx_word' id='word_1_21' title='bbox 298 518 440 602; x_wconf 87' lang='lat' dir='ltr'>majores</span> <span class='ocrx_word' id='word_1_22' title='bbox 463 540 599 603; x_wconf 82' lang='lat' dir='ltr'>regnum</span> <span class='ocrx_word' id='word_1_23' title='bbox 623 519 851 600; x_wconf 70' lang='lat' dir='ltr'>obtinuerant),</span> <span class='ocrx_word' id='word_1_24' title='bbox 878 519 1061 582; x_wconf 90' lang='lat' dir='ltr'>interficere</span> <span class='ocrx_word' id='word_1_25' title='bbox 1083 542 1143 603; x_wconf 94' lang='lat' dir='ltr'>pu·</span> 
     </span>
     <span class='ocr_line' id='line_1_5' title="bbox 109 603 1143 688; baseline -0.002 -19"><span class='ocrx_word' id='word_1_26' title='bbox 109 605 198 670; x_wconf 92' lang='lat' dir='ltr'>blico</span> <span class='ocrx_word' id='word_1_27' title='bbox 222 605 361 667; x_wconf 90' lang='lat' dir='ltr'>consilio</span> <span class='ocrx_word' id='word_1_28' title='bbox 385 604 502 678; x_wconf 88' lang='lat' dir='ltr'>conati,</span> <span class='ocrx_word' id='word_1_29' title='bbox 536 625 636 687; x_wconf 92' lang='lat' dir='ltr'>quum</span> <span class='ocrx_word' id='word_1_30' title='bbox 662 603 717 666; x_wconf 91' lang='lat' dir='ltr'>illc</span> <span class='ocrx_word' id='word_1_31' title='bbox 741 606 983 687; x_wconf 78' lang='lat' dir='ltr'>praesensisset</span> <span class='ocrx_word' id='word_1_32' title='bbox 1005 626 1043 666; x_wconf 87' lang='lat' dir='ltr'>ac</span> <span class='ocrx_word' id='word_1_33' title='bbox 1066 627 1143 688; x_wconf 89' lang='lat' dir='ltr'>pro·</span> 
     </span>
     <span class='ocr_line' id='line_1_6' title="bbox 108 688 1143 772; baseline 0 -19"><span class='ocrx_word' id='word_1_34' title='bbox 108 691 126 754; x_wconf 88' lang='lat' dir='ltr'>f</span> <span class='ocrx_word' id='word_1_35' title='bbox 147 692 259 765; x_wconf 67' lang='lat' dir='ltr'>visset,</span> <span class='ocrx_word' id='word_1_36' title='bbox 283 712 390 772; x_wconf 89' lang='lat' dir='ltr'>usque</span> <span class='ocrx_word' id='word_1_37' title='bbox 413 688 456 751; x_wconf 89' lang='lat' dir='ltr'>ad</span> <span class='ocrx_word' id='word_1_38' title='bbox 479 688 560 752; x_wconf 89' lang='lat' dir='ltr'>fines</span> <span class='ocrx_word' id='word_1_39' title='bbox 584 689 722 751; x_wconf 87' lang='lat' dir='ltr'>insecuti</span> <span class='ocrx_word' id='word_1_40' title='bbox 751 689 873 772; x_wconf 73' lang='lat' dir='ltr'>‘²regno</span> <span class='ocrx_word' id='word_1_41' title='bbox 898 689 1064 772; x_wconf 80' lang='lat' dir='ltr'>domoque</span> <span class='ocrx_word' id='word_1_42' title='bbox 1087 713 1143 753; x_wconf 87' lang='lat' dir='ltr'>cx-</span> 
     </span>
     <span class='ocr_line' id='line_1_7' title="bbox 108 773 1144 860; baseline -0.001 -21"><span class='ocrx_word' id='word_1_43' title='bbox 108 786 279 860; x_wconf 78' lang='lat' dir='ltr'>puerunt3</span> <span class='ocrx_word' id='word_1_44' title='bbox 313 786 347 838; x_wconf 89' lang='lat' dir='ltr'>et</span> <span class='ocrx_word' id='word_1_45' title='bbox 379 774 488 837; x_wconf 87' lang='lat' dir='ltr'>missis</span> <span class='ocrx_word' id='word_1_46' title='bbox 522 773 565 837; x_wconf 87' lang='lat' dir='ltr'>ad</span> <span class='ocrx_word' id='word_1_47' title='bbox 600 773 773 837; x_wconf 86' lang='lat' dir='ltr'>Caesarem</span> <span class='ocrx_word' id='word_1_48' title='bbox 797 773 1019 840; x_wconf 77' lang='lat' dir='ltr'>satisfaciendi</span> <span class='ocrx_word' id='word_1_49' title='bbox 1043 797 1144 838; x_wconf 88' lang='lat' dir='ltr'>causa</span> 
     </span>
     <span class='ocr_line' id='line_1_8' title="bbox 109 859 1143 945; baseline -0.007 -21"><span class='ocrx_word' id='word_1_50' title='bbox 109 861 227 945; x_wconf 84' lang='lat' dir='ltr'>legatis</span> <span class='ocrx_word' id='word_1_51' title='bbox 251 882 351 944; x_wconf 89' lang='lat' dir='ltr'>quum</span> <span class='ocrx_word' id='word_1_52' title='bbox 374 861 402 922; x_wconf 90' lang='lat' dir='ltr'>is</span> <span class='ocrx_word' id='word_1_53' title='bbox 426 882 554 922; x_wconf 87' lang='lat' dir='ltr'>omnem</span> <span class='ocrx_word' id='word_1_54' title='bbox 576 859 619 922; x_wconf 84' lang='lat' dir='ltr'>ad</span> <span class='ocrx_word' id='word_1_55' title='bbox 642 881 679 922; x_wconf 92' lang='lat' dir='ltr'>se</span> <span class='ocrx_word' id='word_1_56' title='bbox 702 871 850 922; x_wconf 88' lang='lat' dir='ltr'>senatum</span> <span class='ocrx_word' id='word_1_57' title='bbox 879 862 991 922; x_wconf 76' lang='lat' dir='ltr'>venire</span> <span class='ocrx_word' id='word_1_58' title='bbox 1020 861 1143 944; x_wconf 71' lang='lat' dir='ltr'>jussis-</span> 
     </span>
     <span class='ocr_line' id='line_1_9' title="bbox 108 944 1142 1028; baseline 0 -20"><span class='ocrx_word' id='word_1_59' title='bbox 108 955 171 1021; x_wconf 77' lang='lat' dir='ltr'>set,</span> <span class='ocrx_word' id='word_1_60' title='bbox 196 945 284 1008; x_wconf 88' lang='lat' dir='ltr'>dieto</span> <span class='ocrx_word' id='word_1_61' title='bbox 301 945 472 1008; x_wconf 84' lang='lat' dir='ltr'>audientes</span> <span class='ocrx_word' id='word_1_62' title='bbox 495 968 563 1007; x_wconf 89' lang='lat' dir='ltr'>non</span> <span class='ocrx_word' id='word_1_63' title='bbox 584 944 725 1008; x_wconf 80' lang='lat' dir='ltr'>fuerunt.</span> <span class='ocrx_word' id='word_1_64' title='bbox 770 944 912 1007; x_wconf 87' lang='lat' dir='ltr'>Tantum</span> <span class='ocrx_word' id='word_1_65' title='bbox 936 945 1027 1028; x_wconf 89' lang='lat' dir='ltr'>apud</span> <span class='ocrx_word' id='word_1_66' title='bbox 1037 945 1142 1008; x_wconf 91' lang='lat' dir='ltr'>homi·</span> 
     </span>
     <span class='ocr_line' id='line_1_10' title="bbox 108 1031 1141 1114; baseline 0 -19"><span class='ocrx_word' id='word_1_67' title='bbox 108 1053 168 1095; x_wconf 91' lang='lat' dir='ltr'>nes</span> <span class='ocrx_word' id='word_1_68' title='bbox 191 1032 352 1094; x_wconf 87' lang='lat' dir='ltr'>barbaros</span> <span class='ocrx_word' id='word_1_69' title='bbox 376 1032 487 1104; x_wconf 84' lang='lat' dir='ltr'>valuit,</span> <span class='ocrx_word' id='word_1_70' title='bbox 523 1051 597 1092; x_wconf 88' lang='lat' dir='ltr'>esse</span> <span class='ocrx_word' id='word_1_71' title='bbox 631 1031 761 1113; x_wconf 87' lang='lat' dir='ltr'>aliquos</span> <span class='ocrx_word' id='word_1_72' title='bbox 795 1047 946 1114; x_wconf 83' lang='lat' dir='ltr'>repertos</span> <span class='ocrx_word' id='word_1_73' title='bbox 975 1031 1141 1114; x_wconf 85' lang='lat' dir='ltr'>principes</span> 
     </span>
     <span class='ocr_line' id='line_1_11' title="bbox 108 1115 1143 1199; baseline 0 -19"><span class='ocrx_word' id='word_1_74' title='bbox 108 1115 272 1180; x_wconf 87' lang='lat' dir='ltr'>inferendi</span> <span class='ocrx_word' id='word_1_75' title='bbox 294 1116 381 1185; x_wconf 78' lang='lat' dir='ltr'>belli,</span> <span class='ocrx_word' id='word_1_76' title='bbox 406 1124 594 1199; x_wconf 77' lang='lat' dir='ltr'>tantamque</span> <span class='ocrx_word' id='word_1_77' title='bbox 617 1116 768 1178; x_wconf 91' lang='lat' dir='ltr'>omnibus</span> <span class='ocrx_word' id='word_1_78' title='bbox 782 1117 985 1178; x_wconf 84' lang='lat' dir='ltr'>voluntatum</span> <span class='ocrx_word' id='word_1_79' title='bbox 999 1138 1143 1180; x_wconf 90' lang='lat' dir='ltr'>commu·</span> 
     </span>
     <span class='ocr_line' id='line_1_12' title="bbox 109 1200 1140 1285; baseline 0 -21"><span class='ocrx_word' id='word_1_80' title='bbox 109 1203 266 1265; x_wconf 88' lang='lat' dir='ltr'>tationem</span> <span class='ocrx_word' id='word_1_81' title='bbox 290 1201 407 1276; x_wconf 88' lang='lat' dir='ltr'>attulit,</span> <span class='ocrx_word' id='word_1_82' title='bbox 430 1212 467 1264; x_wconf 87' lang='lat' dir='ltr'>ut</span> <span class='ocrx_word' id='word_1_83' title='bbox 490 1210 619 1285; x_wconf 87' lang='lat' dir='ltr'>praeter</span> <span class='ocrx_word' id='word_1_84' title='bbox 642 1200 801 1263; x_wconf 87' lang='lat' dir='ltr'>Haeduos</span> <span class='ocrx_word' id='word_1_85' title='bbox 826 1211 859 1264; x_wconf 91' lang='lat' dir='ltr'>et</span> <span class='ocrx_word' id='word_1_86' title='bbox 886 1201 1018 1273; x_wconf 82' lang='lat' dir='ltr'>Remos,</span> <span class='ocrx_word' id='word_1_87' title='bbox 1054 1223 1140 1285; x_wconf 87' lang='lat' dir='ltr'>quos</span> 
     </span>
     <span class='ocr_line' id='line_1_13' title="bbox 107 1285 1141 1371; baseline 0 -21"><span class='ocrx_word' id='word_1_88' title='bbox 107 1288 288 1371; x_wconf 88' lang='lat' dir='ltr'>praecipuo</span> <span class='ocrx_word' id='word_1_89' title='bbox 313 1308 442 1370; x_wconf 89' lang='lat' dir='ltr'>semper</span> <span class='ocrx_word' id='word_1_90' title='bbox 464 1286 591 1349; x_wconf 90' lang='lat' dir='ltr'>honore</span> <span class='ocrx_word' id='word_1_91' title='bbox 618 1285 740 1349; x_wconf 87' lang='lat' dir='ltr'>Caesar</span> <span class='ocrx_word' id='word_1_92' title='bbox 762 1285 887 1360; x_wconf 85' lang='lat' dir='ltr'>habuit,</span> <span class='ocrx_word' id='word_1_93' title='bbox 921 1287 1044 1349; x_wconf 86' lang='lat' dir='ltr'>alteros</span> <span class='ocrx_word' id='word_1_94' title='bbox 1078 1309 1141 1370; x_wconf 89' lang='lat' dir='ltr'>pro</span> 
     </span>
     <span class='ocr_line' id='line_1_14' title="bbox 109 1370 1141 1456; baseline 0.001 -22"><span class='ocrx_word' id='word_1_95' title='bbox 109 1385 221 1436; x_wconf 81' lang='lat' dir='ltr'>vetere</span> <span class='ocrx_word' id='word_1_96' title='bbox 233 1394 271 1435; x_wconf 92' lang='lat' dir='ltr'>ac</span> <span class='ocrx_word' id='word_1_97' title='bbox 289 1381 449 1455; x_wconf 89' lang='lat' dir='ltr'>perpetua</span> <span class='ocrx_word' id='word_1_98' title='bbox 472 1393 549 1456; x_wconf 82' lang='lat' dir='ltr'>erga</span> <span class='ocrx_word' id='word_1_99' title='bbox 571 1371 732 1455; x_wconf 89' lang='lat' dir='ltr'>populum</span> <span class='ocrx_word' id='word_1_100' title='bbox 755 1371 937 1434; x_wconf 89' lang='lat' dir='ltr'>Romanum</span> <span class='ocrx_word' id='word_1_101' title='bbox 960 1370 1037 1447; x_wconf 88' lang='lat' dir='ltr'>lide,</span> <span class='ocrx_word' id='word_1_102' title='bbox 1060 1374 1141 1435; x_wconf 90' lang='lat' dir='ltr'>alte·</span> 
     </span>
     <span class='ocr_line' id='line_1_15' title="bbox 107 1456 1141 1531; baseline -0.002 -10"><span class='ocrx_word' id='word_1_103' title='bbox 107 1479 166 1521; x_wconf 87' lang='lat' dir='ltr'>ros</span> <span class='ocrx_word' id='word_1_104' title='bbox 213 1478 251 1520; x_wconf 94' lang='lat' dir='ltr'>ro</span> <span class='ocrx_word' id='word_1_105' title='bbox 274 1458 461 1520; x_wconf 79' lang='lat' dir='ltr'>recentibus</span> <span class='ocrx_word' id='word_1_106' title='bbox 485 1456 603 1521; x_wconf 89' lang='lat' dir='ltr'>Gallici</span> <span class='ocrx_word' id='word_1_107' title='bbox 625 1456 704 1519; x_wconf 91' lang='lat' dir='ltr'>belli</span> <span class='ocrx_word' id='word_1_108' title='bbox 727 1456 852 1531; x_wconf 72' lang='lat' dir='ltr'>officiis</span> <span class='ocrx_word' id='word_1_109' title='bbox 876 1457 965 1519; x_wconf 90' lang='lat' dir='ltr'>nulla</span> <span class='ocrx_word' id='word_1_110' title='bbox 980 1457 1141 1520; x_wconf 83' lang='lat' dir='ltr'>ferecivi·</span> 
     </span>
     <span class='ocr_line' id='line_1_16' title="bbox 107 1479 1140 1626; baseline 0 -21"><span class='ocrx_word' id='word_1_111' title='bbox 107 1552 160 1606; x_wconf 88' lang='lat' dir='ltr'>tas</span> <span class='ocrx_word' id='word_1_112' title='bbox 183 1479 282 1606; x_wconf 69' lang='lat' dir='ltr'>lieris</span> <span class='ocrx_word' id='word_1_113' title='bbox 303 1565 369 1606; x_wconf 92' lang='lat' dir='ltr'>non</span> <span class='ocrx_word' id='word_1_114' title='bbox 392 1550 548 1626; x_wconf 88' lang='lat' dir='ltr'>suspecta</span> <span class='ocrx_word' id='word_1_115' title='bbox 568 1543 675 1604; x_wconf 81' lang='lat' dir='ltr'>nobis</span> <span class='ocrx_word' id='word_1_116' title='bbox 719 1541 843 1624; x_wconf 88' lang='lat' dir='ltr'>⁵ldque</span> <span class='ocrx_word' id='word_1_117' title='bbox 866 1541 950 1604; x_wconf 93' lang='lat' dir='ltr'>adeo</span> <span class='ocrx_word' id='word_1_118' title='bbox 964 1541 1053 1605; x_wconf 90' lang='lat' dir='ltr'>haud</span> <span class='ocrx_word' id='word_1_119' title='bbox 1069 1543 1140 1606; x_wconf 90' lang='lat' dir='ltr'>scio</span> 
     </span>
     <span class='ocr_line' id='line_1_17' title="bbox 107 1627 1140 1711; baseline -0.001 -20"><span class='ocrx_word' id='word_1_120' title='bbox 107 1627 333 1693; x_wconf 88' lang='lat' dir='ltr'>mirandumne</span> <span class='ocrx_word' id='word_1_121' title='bbox 355 1628 399 1690; x_wconf 89' lang='lat' dir='ltr'>sit</span> <span class='ocrx_word' id='word_1_122' title='bbox 422 1650 521 1711; x_wconf 89' lang='lat' dir='ltr'>quum</span> <span class='ocrx_word' id='word_1_123' title='bbox 544 1627 768 1710; x_wconf 86' lang='lat' dir='ltr'>compluribus</span> <span class='ocrx_word' id='word_1_124' title='bbox 792 1627 863 1691; x_wconf 89' lang='lat' dir='ltr'>aliis</span> <span class='ocrx_word' id='word_1_125' title='bbox 877 1627 1049 1701; x_wconf 74' lang='lat' dir='ltr'>decausis</span> <span class='ocrx_word' id='word_1_126' title='bbox 1071 1637 1140 1690; x_wconf 91' lang='lat' dir='ltr'>tum</span> 
     </span>
     <span class='ocr_line' id='line_1_18' title="bbox 107 1712 1140 1797; baseline 0.001 -21"><span class='ocrx_word' id='word_1_127' title='bbox 107 1714 255 1786; x_wconf 86' lang='lat' dir='ltr'>maxime,</span> <span class='ocrx_word' id='word_1_128' title='bbox 280 1712 371 1795; x_wconf 91' lang='lat' dir='ltr'>quod</span> <span class='ocrx_word' id='word_1_129' title='bbox 392 1714 423 1788; x_wconf 93' lang='lat' dir='ltr'>ii,</span> <span class='ocrx_word' id='word_1_130' title='bbox 457 1715 513 1795; x_wconf 91' lang='lat' dir='ltr'>qui</span> <span class='ocrx_word' id='word_1_131' title='bbox 535 1713 657 1775; x_wconf 87' lang='lat' dir='ltr'>virtute</span> <span class='ocrx_word' id='word_1_132' title='bbox 691 1713 767 1776; x_wconf 91' lang='lat' dir='ltr'>belli</span> <span class='ocrx_word' id='word_1_133' title='bbox 802 1714 952 1776; x_wconf 89' lang='lat' dir='ltr'>omnibus</span> <span class='ocrx_word' id='word_1_134' title='bbox 987 1714 1140 1797; x_wconf 79' lang='lat' dir='ltr'>gentibus</span> 
     </span>
     <span class='ocr_line' id='line_1_19' title="bbox 106 1797 1140 1882; baseline -0.001 -21"><span class='ocrx_word' id='word_1_135' title='bbox 106 1797 386 1882; x_wconf 82' lang='lat' dir='ltr'>praeferebantur,</span> <span class='ocrx_word' id='word_1_136' title='bbox 409 1807 535 1861; x_wconf 88' lang='lat' dir='ltr'>tantum</span> <span class='ocrx_word' id='word_1_137' title='bbox 558 1819 595 1860; x_wconf 87' lang='lat' dir='ltr'>se</span> <span class='ocrx_word' id='word_1_138' title='bbox 618 1798 690 1882; x_wconf 83' lang='lat' dir='ltr'>ejus</span> <span class='ocrx_word' id='word_1_139' title='bbox 714 1799 877 1880; x_wconf 86' lang='lat' dir='ltr'>opinionis</span> <span class='ocrx_word' id='word_1_140' title='bbox 897 1797 1140 1881; x_wconf 85' lang='lat' dir='ltr'>deperdidisse,</span> 
     </span>
     <span class='ocr_line' id='line_1_20' title="bbox 106 1881 1139 1968; baseline 0.001 -21"><span class='ocrx_word' id='word_1_141' title='bbox 106 1894 145 1947; x_wconf 93' lang='lat' dir='ltr'>ut</span> <span class='ocrx_word' id='word_1_142' title='bbox 166 1905 187 1946; x_wconf 89' lang='lat' dir='ltr'>a</span> <span class='ocrx_word' id='word_1_143' title='bbox 208 1885 334 1967; x_wconf 92' lang='lat' dir='ltr'>populo</span> <span class='ocrx_word' id='word_1_144' title='bbox 368 1883 518 1949; x_wconf 85' lang='lat' dir='ltr'>Romano</span> <span class='ocrx_word' id='word_1_145' title='bbox 551 1884 687 1968; x_wconf 87' lang='lat' dir='ltr'>imperia</span> <span class='ocrx_word' id='word_1_146' title='bbox 718 1881 911 1967; x_wconf 87' lang='lat' dir='ltr'>perferrent,</span> <span class='ocrx_word' id='word_1_147' title='bbox 945 1885 1139 1968; x_wconf 81' lang='lat' dir='ltr'>gravissime</span> 
     </span>
     <span class='ocr_line' id='line_1_21' title="bbox 108 1968 274 2032; baseline 0 0"><span class='ocrx_word' id='word_1_148' title='bbox 108 1968 274 2032; x_wconf 83' lang='lat' dir='ltr'>dolebant</span> 
     </span>
    </p>

    <p class='ocr_par' dir='ltr' id='par_1_3' title="bbox 100 2053 1138 3331">
     <span class='ocr_line' id='line_1_22' title="bbox 151 2053 1138 2137; baseline 0.001 -20"><span class='ocrx_word' id='word_1_149' title='bbox 151 2055 202 2117; x_wconf 80' lang='lat'>55.</span> <span class='ocrx_word' id='word_1_150' title='bbox 246 2053 375 2117; x_wconf 84' lang='lat' dir='ltr'>Treviri</span> <span class='ocrx_word' id='word_1_151' title='bbox 398 2076 478 2117; x_wconf 91' lang='lat' dir='ltr'>vero</span> <span class='ocrx_word' id='word_1_152' title='bbox 502 2062 601 2137; x_wconf 85' lang='lat' dir='ltr'>atque</span> <span class='ocrx_word' id='word_1_153' title='bbox 623 2053 873 2118; x_wconf 88' lang='lat' dir='ltr'>luduciomarus</span> <span class='ocrx_word' id='word_1_154' title='bbox 898 2054 1000 2118; x_wconf 85' lang='lat' dir='ltr'>totius</span> <span class='ocrx_word' id='word_1_155' title='bbox 1022 2054 1138 2118; x_wconf 89' lang='lat' dir='ltr'>hiemis</span> 
     </span>
     <span class='ocr_line' id='line_1_23' title="bbox 105 2139 1138 2223; baseline 0.001 -21"><span class='ocrx_word' id='word_1_156' title='bbox 105 2139 232 2202; x_wconf 90' lang='lat' dir='ltr'>nullum</span> <span class='ocrx_word' id='word_1_157' title='bbox 254 2148 383 2223; x_wconf 91' lang='lat' dir='ltr'>tempus</span> <span class='ocrx_word' id='word_1_158' title='bbox 407 2140 657 2214; x_wconf 87' lang='lat' dir='ltr'>intermiserunt,</span> <span class='ocrx_word' id='word_1_159' title='bbox 693 2140 771 2223; x_wconf 92' lang='lat' dir='ltr'>quin</span> <span class='ocrx_word' id='word_1_160' title='bbox 804 2149 895 2203; x_wconf 88' lang='lat' dir='ltr'>trans</span> <span class='ocrx_word' id='word_1_161' title='bbox 919 2140 1069 2203; x_wconf 85' lang='lat' dir='ltr'>Rhenum</span> <span class='ocrx_word' id='word_1_162' title='bbox 1093 2142 1138 2204; x_wconf 91' lang='lat' dir='ltr'>le·</span> 
     </span>
     <span class='ocr_line' id='line_1_24' title="bbox 104 2225 1137 2309; baseline 0.002 -23"><span class='ocrx_word' id='word_1_163' title='bbox 104 2235 202 2309; x_wconf 84' lang='lat' dir='ltr'>gatos</span> <span class='ocrx_word' id='word_1_164' title='bbox 226 2226 398 2300; x_wconf 88' lang='lat' dir='ltr'>mitterent,</span> <span class='ocrx_word' id='word_1_165' title='bbox 421 2226 572 2287; x_wconf 87' lang='lat' dir='ltr'>civitates</span> <span class='ocrx_word' id='word_1_166' title='bbox 595 2225 819 2298; x_wconf 80' lang='lat' dir='ltr'>sollicitarent,</span> <span class='ocrx_word' id='word_1_167' title='bbox 843 2225 1018 2308; x_wconf 88' lang='lat' dir='ltr'>lpecunias</span> <span class='ocrx_word' id='word_1_168' title='bbox 1040 2227 1137 2308; x_wconf 92' lang='lat' dir='ltr'>polli-</span> 
     </span>
     <span class='ocr_line' id='line_1_25' title="bbox 106 2310 1137 2394; baseline 0.003 -23"><span class='ocrx_word' id='word_1_169' title='bbox 106 2318 266 2375; x_wconf 89' lang='lat' dir='ltr'>cerentur.</span> <span class='ocrx_word' id='word_1_170' title='bbox 289 2332 406 2394; x_wconf 81' lang='lat' dir='ltr'>magna</span> <span class='ocrx_word' id='word_1_171' title='bbox 428 2320 521 2394; x_wconf 88' lang='lat' dir='ltr'>parte</span> <span class='ocrx_word' id='word_1_172' title='bbox 544 2310 708 2373; x_wconf 84' lang='lat' dir='ltr'>exercitus</span> <span class='ocrx_word' id='word_1_173' title='bbox 720 2311 826 2373; x_wconf 89' lang='lat' dir='ltr'>nostri</span> <span class='ocrx_word' id='word_1_174' title='bbox 848 2310 1019 2373; x_wconf 84' lang='lat' dir='ltr'>interfecta</span> <span class='ocrx_word' id='word_1_175' title='bbox 1033 2311 1137 2374; x_wconf 86' lang='lat' dir='ltr'>multo</span> 
     </span>
     <span class='ocr_line' id='line_1_26' title="bbox 105 2394 1138 2479; baseline 0.002 -23"><span class='ocrx_word' id='word_1_176' title='bbox 105 2396 261 2457; x_wconf 87' lang='lat' dir='ltr'>minorem</span> <span class='ocrx_word' id='word_1_177' title='bbox 275 2417 452 2479; x_wconf 86' lang='lat' dir='ltr'>superesse</span> <span class='ocrx_word' id='word_1_178' title='bbox 469 2394 615 2458; x_wconf 89' lang='lat' dir='ltr'>dicerent</span> <span class='ocrx_word' id='word_1_179' title='bbox 637 2405 771 2479; x_wconf 89' lang='lat' dir='ltr'>partem.</span> <span class='ocrx_word' id='word_1_180' title='bbox 816 2395 932 2479; x_wconf 87' lang='lat' dir='ltr'>Neque</span> <span class='ocrx_word' id='word_1_181' title='bbox 956 2403 1063 2458; x_wconf 88' lang='lat' dir='ltr'>tamen</span> <span class='ocrx_word' id='word_1_182' title='bbox 1079 2395 1138 2458; x_wconf 92' lang='lat' dir='ltr'>ulli</span> 
     </span>
     <span class='ocr_line' id='line_1_27' title="bbox 105 2479 1136 2564; baseline 0.001 -22"><span class='ocrx_word' id='word_1_183' title='bbox 105 2479 229 2543; x_wconf 86' lang='lat' dir='ltr'>civitati</span> <span class='ocrx_word' id='word_1_184' title='bbox 258 2479 495 2543; x_wconf 91' lang='lat' dir='ltr'>Germanorum</span> <span class='ocrx_word' id='word_1_185' title='bbox 532 2479 725 2564; x_wconf 89' lang='lat' dir='ltr'>persuaderi</span> <span class='ocrx_word' id='word_1_186' title='bbox 761 2481 878 2562; x_wconf 91' lang='lat' dir='ltr'>potuit,</span> <span class='ocrx_word' id='word_1_187' title='bbox 915 2488 952 2543; x_wconf 91' lang='lat' dir='ltr'>ut</span> <span class='ocrx_word' id='word_1_188' title='bbox 984 2480 1136 2543; x_wconf 80' lang='lat' dir='ltr'>Rhenum</span> 
     </span>
     <span class='ocr_line' id='line_1_28' title="bbox 104 2564 1137 2650; baseline 0.001 -23"><span class='ocrx_word' id='word_1_189' title='bbox 104 2567 267 2640; x_wconf 74' lang='lat' dir='ltr'>transiret,</span> <span class='ocrx_word' id='word_1_190' title='bbox 290 2565 411 2648; x_wconf 81' lang='lat' dir='ltr'>²quum</span> <span class='ocrx_word' id='word_1_191' title='bbox 433 2590 464 2628; x_wconf 80' lang='lat' dir='ltr'>se</span> <span class='ocrx_word' id='word_1_192' title='bbox 486 2567 532 2628; x_wconf 54' lang='lat' dir='ltr'>tte</span> <span class='ocrx_word' id='word_1_193' title='bbox 554 2578 691 2650; x_wconf 71' lang='lat' dir='ltr'>expertos</span> <span class='ocrx_word' id='word_1_194' title='bbox 714 2564 869 2638; x_wconf 91' lang='lat' dir='ltr'>dicerent,</span> <span class='ocrx_word' id='word_1_195' title='bbox 890 2568 1039 2630; x_wconf 74' lang='lat' dir='ltr'>Ariovisti</span> <span class='ocrx_word' id='word_1_196' title='bbox 1061 2566 1137 2629; x_wconf 82' lang='lat' dir='ltr'>bello</span> 
     </span>
     <span class='ocr_line' id='line_1_29' title="bbox 104 2651 1136 2736; baseline 0.001 -23"><span class='ocrx_word' id='word_1_197' title='bbox 104 2660 132 2713; x_wconf 81' lang='lat' dir='ltr'>et</span> <span class='ocrx_word' id='word_1_198' title='bbox 156 2651 369 2715; x_wconf 70' lang='lat' dir='ltr'>Tencterorum</span> <span class='ocrx_word' id='word_1_199' title='bbox 390 2652 537 2733; x_wconf 58' lang='lat' dir='ltr'>drumm</span> <span class='ocrx_word' id='word_1_200' title='bbox 569 2674 631 2713; x_wconf 80' lang='lat' dir='ltr'>non</span> <span class='ocrx_word' id='word_1_201' title='bbox 657 2674 717 2713; x_wconf 78' lang='lat' dir='ltr'>esce</span> <span class='ocrx_word' id='word_1_202' title='bbox 739 2651 873 2734; x_wconf 72' lang='lat' dir='ltr'>amplius</span> <span class='ocrx_word' id='word_1_203' title='bbox 885 2651 1050 2736; x_wconf 75' lang='lat' dir='ltr'>fortunam</span> <span class='ocrx_word' id='word_1_204' title='bbox 1073 2663 1136 2714; x_wconf 83' lang='lat' dir='ltr'>ten·</span> 
     </span>
     <span class='ocr_line' id='line_1_30' title="bbox 103 2735 1135 2820; baseline 0.001 -22"><span class='ocrx_word' id='word_1_205' title='bbox 103 2746 227 2798; x_wconf 80' lang='lat' dir='ltr'>tuturos.</span> <span class='ocrx_word' id='word_1_206' title='bbox 286 2737 357 2798; x_wconf 88' lang='lat' dir='ltr'>Hac</span> <span class='ocrx_word' id='word_1_207' title='bbox 383 2757 443 2819; x_wconf 90' lang='lat' dir='ltr'>spe</span> <span class='ocrx_word' id='word_1_208' title='bbox 471 2736 587 2820; x_wconf 89' lang='lat' dir='ltr'>lapsus</span> <span class='ocrx_word' id='word_1_209' title='bbox 621 2735 868 2798; x_wconf 87' lang='lat' dir='ltr'>lnduciomarus</span> <span class='ocrx_word' id='word_1_210' title='bbox 903 2735 1005 2798; x_wconf 90' lang='lat' dir='ltr'>nihilo</span> <span class='ocrx_word' id='word_1_211' title='bbox 1028 2738 1135 2799; x_wconf 89' lang='lat' dir='ltr'>minus</span> 
     </span>
     <span class='ocr_line' id='line_1_31' title="bbox 104 2821 1135 2905; baseline 0 -23"><span class='ocrx_word' id='word_1_212' title='bbox 104 2821 218 2904; x_wconf 91' lang='lat' dir='ltr'>copias</span> <span class='ocrx_word' id='word_1_213' title='bbox 242 2842 369 2905; x_wconf 85' lang='lat' dir='ltr'>cogere,</span> <span class='ocrx_word' id='word_1_214' title='bbox 393 2842 555 2894; x_wconf 89' lang='lat' dir='ltr'>exercere,</span> <span class='ocrx_word' id='word_1_215' title='bbox 578 2842 598 2883; x_wconf 89' lang='lat' dir='ltr'>a</span> <span class='ocrx_word' id='word_1_216' title='bbox 619 2821 762 2883; x_wconf 87' lang='lat' dir='ltr'>finitimis</span> <span class='ocrx_word' id='word_1_217' title='bbox 787 2842 891 2904; x_wconf 90' lang='lat' dir='ltr'>equos</span> <span class='ocrx_word' id='word_1_218' title='bbox 915 2843 1041 2904; x_wconf 89' lang='lat' dir='ltr'>parare,</span> <span class='ocrx_word' id='word_1_219' title='bbox 1065 2821 1135 2883; x_wconf 85' lang='lat' dir='ltr'>³ex·</span> 
     </span>
     <span class='ocr_line' id='line_1_32' title="bbox 103 2905 1135 2991; baseline 0.001 -23"><span class='ocrx_word' id='word_1_220' title='bbox 103 2905 194 2968; x_wconf 88' lang='lat' dir='ltr'>sules</span> <span class='ocrx_word' id='word_1_221' title='bbox 219 2905 460 2990; x_wconf 87' lang='lat' dir='ltr'>damnatosque</span> <span class='ocrx_word' id='word_1_222' title='bbox 483 2915 553 2970; x_wconf 89' lang='lat' dir='ltr'>tota</span> <span class='ocrx_word' id='word_1_223' title='bbox 577 2905 684 2970; x_wconf 80' lang='lat' dir='ltr'>Galba</span> <span class='ocrx_word' id='word_1_224' title='bbox 706 2907 832 2991; x_wconf 85' lang='lat' dir='ltr'>magnis</span> <span class='ocrx_word' id='word_1_225' title='bbox 855 2908 1007 2990; x_wconf 89' lang='lat' dir='ltr'>praemiis</span> <span class='ocrx_word' id='word_1_226' title='bbox 1031 2906 1075 2969; x_wconf 88' lang='lat' dir='ltr'>ad</span> <span class='ocrx_word' id='word_1_227' title='bbox 1098 2927 1135 2970; x_wconf 88' lang='lat' dir='ltr'>se</span> 
     </span>
     <span class='ocr_line' id='line_1_33' title="bbox 103 2990 1135 3076; baseline 0 -23"><span class='ocrx_word' id='word_1_228' title='bbox 103 2990 235 3054; x_wconf 88' lang='lat' dir='ltr'>alhcere</span> <span class='ocrx_word' id='word_1_229' title='bbox 258 2993 375 3075; x_wconf 90' lang='lat' dir='ltr'>coepit.</span> <span class='ocrx_word' id='word_1_230' title='bbox 421 2993 469 3055; x_wconf 88' lang='lat' dir='ltr'>Ac</span> <span class='ocrx_word' id='word_1_231' title='bbox 491 3000 615 3054; x_wconf 87' lang='lat' dir='ltr'>tantam</span> <span class='ocrx_word' id='word_1_232' title='bbox 638 2992 700 3054; x_wconf 93' lang='lat' dir='ltr'>sibi</span> <span class='ocrx_word' id='word_1_233' title='bbox 718 2992 786 3076; x_wconf 85' lang='lat' dir='ltr'>jam</span> <span class='ocrx_word' id='word_1_234' title='bbox 799 2991 851 3054; x_wconf 91' lang='lat' dir='ltr'>his</span> <span class='ocrx_word' id='word_1_235' title='bbox 864 2993 964 3054; x_wconf 87' lang='lat' dir='ltr'>rebus</span> <span class='ocrx_word' id='word_1_236' title='bbox 977 2994 1011 3055; x_wconf 92' lang='lat' dir='ltr'>in</span> <span class='ocrx_word' id='word_1_237' title='bbox 1028 2991 1135 3054; x_wconf 85' lang='lat' dir='ltr'>Galba</span> 
     </span>
     <span class='ocr_line' id='line_1_34' title="bbox 102 3075 1134 3160; baseline 0.001 -22"><span class='ocrx_word' id='word_1_238' title='bbox 102 3077 331 3139; x_wconf 87' lang='lat' dir='ltr'>auctoritatem</span> <span class='ocrx_word' id='word_1_239' title='bbox 354 3086 609 3160; x_wconf 87' lang='lat' dir='ltr'>comparaverat,</span> <span class='ocrx_word' id='word_1_240' title='bbox 643 3085 680 3139; x_wconf 89' lang='lat' dir='ltr'>ut</span> <span class='ocrx_word' id='word_1_241' title='bbox 712 3075 857 3159; x_wconf 87' lang='lat' dir='ltr'>undique</span> <span class='ocrx_word' id='word_1_242' title='bbox 883 3076 1022 3139; x_wconf 87' lang='lat' dir='ltr'>adeum</span> <span class='ocrx_word' id='word_1_243' title='bbox 1046 3079 1134 3160; x_wconf 85' lang='lat' dir='ltr'>lega·</span> 
     </span>
     <span class='ocr_line' id='line_1_35' title="bbox 102 3162 1134 3247; baseline 0 -23"><span class='ocrx_word' id='word_1_244' title='bbox 102 3162 209 3224; x_wconf 84' lang='lat' dir='ltr'>tiones</span> <span class='ocrx_word' id='word_1_245' title='bbox 233 3171 473 3237; x_wconf 79' lang='lat' dir='ltr'>concurrerent,</span> <span class='ocrx_word' id='word_1_246' title='bbox 496 3163 633 3246; x_wconf 84' lang='lat' dir='ltr'>gratiam</span> <span class='ocrx_word' id='word_1_247' title='bbox 666 3170 766 3245; x_wconf 88' lang='lat' dir='ltr'>atque</span> <span class='ocrx_word' id='word_1_248' title='bbox 798 3162 968 3225; x_wconf 89' lang='lat' dir='ltr'>amicitiam</span> <span class='ocrx_word' id='word_1_249' title='bbox 1002 3163 1134 3247; x_wconf 92' lang='lat' dir='ltr'>publice</span> 
     </span>
     <span class='ocr_line' id='line_1_36' title="bbox 100 3247 499 3331; baseline -0.005 -21"><span class='ocrx_word' id='word_1_250' title='bbox 100 3247 319 3330; x_wconf 86' lang='lat' dir='ltr'>privatimque</span> <span class='ocrx_word' id='word_1_251' title='bbox 342 3255 499 3331; x_wconf 88' lang='lat' dir='ltr'>peterent.</span> 
     </span>
    </p>

    <p class='ocr_par' dir='ltr' id='par_1_4' title="bbox 93 3331 1132 3931">
     <span class='ocr_line' id='line_1_37' title="bbox 145 3331 1132 3415; baseline 0 -20"><span class='ocrx_word' id='word_1_252' title='bbox 145 3332 195 3395; x_wconf 88' lang='lat'>56.</span> <span class='ocrx_word' id='word_1_253' title='bbox 242 3331 304 3395; x_wconf 91' lang='lat' dir='ltr'>Ubi</span> <span class='ocrx_word' id='word_1_254' title='bbox 326 3333 489 3395; x_wconf 86' lang='lat' dir='ltr'>intellexit</span> <span class='ocrx_word' id='word_1_255' title='bbox 510 3333 598 3395; x_wconf 92' lang='lat' dir='ltr'>ultro</span> <span class='ocrx_word' id='word_1_256' title='bbox 622 3331 664 3395; x_wconf 92' lang='lat' dir='ltr'>ad</span> <span class='ocrx_word' id='word_1_257' title='bbox 688 3353 724 3394; x_wconf 92' lang='lat' dir='ltr'>se</span> <span class='ocrx_word' id='word_1_258' title='bbox 737 3331 847 3406; x_wconf 90' lang='lat' dir='ltr'>veniri,</span> <span class='ocrx_word' id='word_1_259' title='bbox 871 3332 1027 3395; x_wconf 88' lang='lat' dir='ltr'>alteraex</span> <span class='ocrx_word' id='word_1_260' title='bbox 1040 3342 1132 3415; x_wconf 90' lang='lat' dir='ltr'>parte</span> 
     </span>
     <span class='ocr_line' id='line_1_38' title="bbox 100 3415 1132 3500; baseline -0.002 -21"><span class='ocrx_word' id='word_1_261' title='bbox 100 3415 251 3479; x_wconf 88' lang='lat' dir='ltr'>Senones</span> <span class='ocrx_word' id='word_1_262' title='bbox 287 3416 513 3499; x_wconf 86' lang='lat' dir='ltr'>Carnutesque</span> <span class='ocrx_word' id='word_1_263' title='bbox 546 3419 747 3481; x_wconf 88' lang='lat' dir='ltr'>conscientia</span> <span class='ocrx_word' id='word_1_264' title='bbox 780 3415 934 3479; x_wconf 84' lang='lat' dir='ltr'>facinoris</span> <span class='ocrx_word' id='word_1_265' title='bbox 967 3418 1132 3500; x_wconf 82' lang='lat' dir='ltr'>instigari,</span> 
     </span>
     <span class='ocr_line' id='line_1_39' title="bbox 100 3501 1131 3587; baseline -0.001 -23"><span class='ocrx_word' id='word_1_266' title='bbox 100 3502 205 3564; x_wconf 88' lang='lat' dir='ltr'>altera</span> <span class='ocrx_word' id='word_1_267' title='bbox 227 3503 369 3565; x_wconf 89' lang='lat' dir='ltr'>Nervios</span> <span class='ocrx_word' id='word_1_268' title='bbox 392 3502 653 3587; x_wconf 86' lang='lat' dir='ltr'>Aduatucosque</span> <span class='ocrx_word' id='word_1_269' title='bbox 675 3503 797 3568; x_wconf 89' lang='lat' dir='ltr'>bellum</span> <span class='ocrx_word' id='word_1_270' title='bbox 825 3501 982 3564; x_wconf 88' lang='lat' dir='ltr'>Romanis</span> <span class='ocrx_word' id='word_1_271' title='bbox 1006 3521 1131 3583; x_wconf 89' lang='lat' dir='ltr'>parare,</span> 
     </span>
     <span class='ocr_line' id='line_1_40' title="bbox 100 3585 1130 3671; baseline -0.006 -19"><span class='ocrx_word' id='word_1_272' title='bbox 100 3608 208 3670; x_wconf 86' lang='lat' dir='ltr'>neque</span> <span class='ocrx_word' id='word_1_273' title='bbox 231 3587 294 3649; x_wconf 91' lang='lat' dir='ltr'>sibi</span> <span class='ocrx_word' id='word_1_274' title='bbox 316 3587 577 3650; x_wconf 88' lang='lat' dir='ltr'>voluntariorum</span> <span class='ocrx_word' id='word_1_275' title='bbox 599 3589 712 3671; x_wconf 89' lang='lat' dir='ltr'>copias</span> <span class='ocrx_word' id='word_1_276' title='bbox 737 3586 860 3658; x_wconf 83' lang='lat' dir='ltr'>delore,</span> <span class='ocrx_word' id='word_1_277' title='bbox 894 3586 923 3647; x_wconf 94' lang='lat' dir='ltr'>si</span> <span class='ocrx_word' id='word_1_278' title='bbox 946 3607 986 3647; x_wconf 87' lang='lat' dir='ltr'>ex</span> <span class='ocrx_word' id='word_1_279' title='bbox 1010 3585 1130 3647; x_wconf 88' lang='lat' dir='ltr'>finibus</span> 
     </span>
     <span class='ocr_line' id='line_1_41' title="bbox 100 3669 1131 3756; baseline 0 -22"><span class='ocrx_word' id='word_1_280' title='bbox 100 3672 170 3735; x_wconf 87' lang='lat' dir='ltr'>suis</span> <span class='ocrx_word' id='word_1_281' title='bbox 204 3672 362 3756; x_wconf 90' lang='lat' dir='ltr'>progredi</span> <span class='ocrx_word' id='word_1_282' title='bbox 395 3673 577 3755; x_wconf 87' lang='lat' dir='ltr'>coepisset,</span> <span class='ocrx_word' id='word_1_283' title='bbox 611 3682 770 3735; x_wconf 88' lang='lat' dir='ltr'>armatum</span> <span class='ocrx_word' id='word_1_284' title='bbox 803 3670 976 3733; x_wconf 92' lang='lat' dir='ltr'>concilium</span> <span class='ocrx_word' id='word_1_285' title='bbox 1008 3669 1131 3734; x_wconf 83' lang='lat' dir='ltr'>indicit.</span> 
     </span>
     <span class='ocr_line' id='line_1_42' title="bbox 99 3754 1130 3838; baseline -0.004 -17"><span class='ocrx_word' id='word_1_286' title='bbox 99 3755 195 3821; x_wconf 66' lang='grc' dir='ltr'>2Ηοο</span> <span class='ocrx_word' id='word_1_287' title='bbox 217 3778 308 3818; x_wconf 88' lang='lat' dir='ltr'>more</span> <span class='ocrx_word' id='word_1_288' title='bbox 332 3756 501 3819; x_wconf 91' lang='lat' dir='ltr'>Gallorum</span> <span class='ocrx_word' id='word_1_289' title='bbox 526 3766 577 3820; x_wconf 87' lang='lat' dir='ltr'>est</span> <span class='ocrx_word' id='word_1_290' title='bbox 598 3757 724 3819; x_wconf 90' lang='lat' dir='ltr'>initium</span> <span class='ocrx_word' id='word_1_291' title='bbox 746 3754 833 3829; x_wconf 90' lang='lat' dir='ltr'>belli,</span> <span class='ocrx_word' id='word_1_292' title='bbox 857 3776 923 3838; x_wconf 92' lang='lat' dir='ltr'>quo</span> <span class='ocrx_word' id='word_1_293' title='bbox 946 3754 1020 3838; x_wconf 86' lang='lat' dir='ltr'>lege</span> <span class='ocrx_word' id='word_1_294' title='bbox 1043 3776 1130 3817; x_wconf 92' lang='lat' dir='ltr'>com-</span> 
     </span>
     <span class='ocr_line' id='line_1_43' title="bbox 93 3839 1130 3931; baseline -0.003 -27"><span class='ocrx_word' id='word_1_295' title='bbox 93 3843 187 3931; x_wconf 84' lang='lat' dir='ltr'>muni</span> <span class='ocrx_word' id='word_1_296' title='bbox 201 3863 314 3904; x_wconf 89' lang='lat' dir='ltr'>omnes</span> <span class='ocrx_word' id='word_1_297' title='bbox 327 3843 469 3925; x_wconf 87' lang='lat' dir='ltr'>puberes</span> <span class='ocrx_word' id='word_1_298' title='bbox 481 3842 595 3904; x_wconf 86' lang='lat' dir='ltr'>armati</span> <span class='ocrx_word' id='word_1_299' title='bbox 618 3842 792 3904; x_wconf 87' lang='lat' dir='ltr'>convenire</span> <span class='ocrx_word' id='word_1_300' title='bbox 815 3846 1030 3919; x_wconf 77' lang='lat' dir='ltr'>consuerunt3</span> <span class='ocrx_word' id='word_1_301' title='bbox 1054 3839 1130 3922; x_wconf 81' lang='lat' dir='ltr'>³qui</span> 
     </span>
    </p>
   </div>
   <div class='ocr_carea' id='block_1_3' title="bbox 0 0 1238 4312">
    <p class='ocr_par' dir='ltr' id='par_1_5' title="bbox 0 0 1238 4312">
     <span class='ocr_line' id='line_1_44' title="bbox 0 0 1238 4312; baseline 0 3"><span class='ocrx_word' id='word_1_302' title='bbox 0 0 1238 4312; x_wconf 95' lang='lat' dir='ltr'> </span> 
     </span>
    </p>
   </div>
  </div>
 </body>
</html>
