<?xml version="1.0" encoding="UTF-8"?>
<!DOCTYPE html PUBLIC "-//W3C//DTD XHTML 1.0 Transitional//EN"
    "http://www.w3.org/TR/xhtml1/DTD/xhtml1-transitional.dtd">
<html xmlns="http://www.w3.org/1999/xhtml" xml:lang="en" lang="en">
 <head>
  <title>
</title>
<meta http-equiv="Content-Type" content="text/html;charset=utf-8" />
  <meta name='ocr-system' content='tesseract 3.04.00' />
  <meta name='ocr-capabilities' content='ocr_page ocr_carea ocr_par ocr_line ocrx_word'/>
</head>
<body>
  <div class='ocr_page' id='page_1' title='image "./cjuliicaesarisc00friggoog_0068.png"; bbox 0 0 2468 4312; ppageno 0'>
   <div class='ocr_carea' id='block_1_1' title="bbox 443 188 1135 300">
    <p class='ocr_par' dir='ltr' id='par_1_1' title="bbox 443 188 1135 300">
     <span class='ocr_line' id='line_1_1' title="bbox 443 188 1135 300; baseline 0.009 -7"><span class='ocrx_word' id='word_1_1' title='bbox 443 251 504 295; x_wconf 83' lang='lat' dir='ltr'>mn.</span> <span class='ocrx_word' id='word_1_2' title='bbox 527 253 571 294; x_wconf 88' lang='grc' dir='ltr'><strong><em>ιιι.</em></strong></span> <span class='ocrx_word' id='word_1_3' title='bbox 616 251 685 295; x_wconf 73' lang='lat' dir='ltr'>car.</span> <span class='ocrx_word' id='word_1_4' title='bbox 712 188 845 297; x_wconf 83' lang='lat' dir='ltr'>16-2d.</span> <span class='ocrx_word' id='word_1_5' title='bbox 1094 234 1135 300; x_wconf 85' lang='lat'>51</span> 
     </span>
    </p>
   </div>
   <div class='ocr_carea' id='block_1_2' title="bbox 98 381 1138 872">
    <p class='ocr_par' dir='ltr' id='par_1_2' title="bbox 98 381 1138 872">
     <span class='ocr_line' id='line_1_2' title="bbox 101 381 1138 468; baseline 0.004 -21"><span class='ocrx_word' id='word_1_6' title='bbox 101 381 464 468; x_wconf 81' lang='lat' dir='ltr'>pollicitationibusque</span> <span class='ocrx_word' id='word_1_7' title='bbox 487 383 675 468; x_wconf 78' lang='lat' dir='ltr'>persuadet,</span> <span class='ocrx_word' id='word_1_8' title='bbox 709 386 758 449; x_wconf 92' lang='lat' dir='ltr'>uti</span> <span class='ocrx_word' id='word_1_9' title='bbox 785 384 828 449; x_wconf 90' lang='lat' dir='ltr'>ad</span> <span class='ocrx_word' id='word_1_10' title='bbox 850 384 967 447; x_wconf 86' lang='lat' dir='ltr'>hostes</span> <span class='ocrx_word' id='word_1_11' title='bbox 990 391 1138 452; x_wconf 88' lang='lat' dir='ltr'>transeat</span> 
     </span>
     <span class='ocr_line' id='line_1_3' title="bbox 102 467 1136 555; baseline 0.003 -24"><span class='ocrx_word' id='word_1_12' title='bbox 102 477 144 540; x_wconf 81' lang='lat' dir='ltr'>et,</span> <span class='ocrx_word' id='word_1_13' title='bbox 168 467 249 552; x_wconf 92' lang='lat' dir='ltr'>quid</span> <span class='ocrx_word' id='word_1_14' title='bbox 271 469 342 532; x_wconf 89' lang='lat' dir='ltr'>fieri</span> <span class='ocrx_word' id='word_1_15' title='bbox 365 469 452 544; x_wconf 90' lang='lat' dir='ltr'>velit,</span> <span class='ocrx_word' id='word_1_16' title='bbox 475 468 622 532; x_wconf 85' lang='lat' dir='ltr'>²edoeet.</span> <span class='ocrx_word' id='word_1_17' title='bbox 668 468 747 548; x_wconf 82' lang='lat' dir='ltr'>Qui,</span> <span class='ocrx_word' id='word_1_18' title='bbox 770 470 826 533; x_wconf 93' lang='lat' dir='ltr'>ubi</span> <span class='ocrx_word' id='word_1_19' title='bbox 848 490 910 552; x_wconf 86' lang='lat' dir='ltr'>pro</span> <span class='ocrx_word' id='word_1_20' title='bbox 925 468 1071 555; x_wconf 85' lang='lat' dir='ltr'>perfuga</span> <span class='ocrx_word' id='word_1_21' title='bbox 1093 470 1136 534; x_wconf 89' lang='lat' dir='ltr'>ad</span> 
     </span>
     <span class='ocr_line' id='line_1_4' title="bbox 102 553 1137 640; baseline 0.003 -24"><span class='ocrx_word' id='word_1_22' title='bbox 102 575 162 624; x_wconf 91' lang='lat' dir='ltr'>eos</span> <span class='ocrx_word' id='word_1_23' title='bbox 185 553 282 625; x_wconf 87' lang='lat' dir='ltr'>venit,</span> <span class='ocrx_word' id='word_1_24' title='bbox 306 553 456 617; x_wconf 86' lang='lat' dir='ltr'>timorem</span> <span class='ocrx_word' id='word_1_25' title='bbox 478 553 701 617; x_wconf 87' lang='lat' dir='ltr'>Romanorum</span> <span class='ocrx_word' id='word_1_26' title='bbox 725 555 890 639; x_wconf 79' lang='lat' dir='ltr'>proponit,</span> <span class='ocrx_word' id='word_1_27' title='bbox 913 555 1022 640; x_wconf 73' lang='lat' dir='ltr'>quidm</span> <span class='ocrx_word' id='word_1_28' title='bbox 1039 578 1137 638; x_wconf 70' lang='lat' dir='ltr'>anqu-</span> 
     </span>
     <span class='ocr_line' id='line_1_5' title="bbox 100 639 1136 725; baseline 0 -23"><span class='ocrx_word' id='word_1_29' title='bbox 100 640 168 702; x_wconf 79' lang='lat' dir='ltr'>stiis</span> <span class='ocrx_word' id='word_1_30' title='bbox 189 640 255 723; x_wconf 82' lang='lat' dir='ltr'>ipse</span> <span class='ocrx_word' id='word_1_31' title='bbox 279 640 394 703; x_wconf 85' lang='lat' dir='ltr'>Caesar</span> <span class='ocrx_word' id='word_1_32' title='bbox 415 663 436 703; x_wconf 87' lang='lat' dir='ltr'>a</span> <span class='ocrx_word' id='word_1_33' title='bbox 465 639 582 702; x_wconf 72' lang='lat' dir='ltr'>Venetis</span> <span class='ocrx_word' id='word_1_34' title='bbox 597 650 769 723; x_wconf 76' lang='lat' dir='ltr'>prematur,</span> <span class='ocrx_word' id='word_1_35' title='bbox 794 640 901 714; x_wconf 88' lang='lat' dir='ltr'>docet,</span> <span class='ocrx_word' id='word_1_36' title='bbox 934 639 1049 725; x_wconf 75' lang='lat' dir='ltr'>‘neque</span> <span class='ocrx_word' id='word_1_37' title='bbox 1071 641 1136 703; x_wconf 82' lang='lat' dir='ltr'>lon·</span> 
     </span>
     <span class='ocr_line' id='line_1_6' title="bbox 98 724 1137 872; baseline 0.002 -86"><span class='ocrx_word' id='word_1_38' title='bbox 98 726 170 808; x_wconf 72' lang='lat' dir='ltr'>yios</span> <span class='ocrx_word' id='word_1_39' title='bbox 193 725 301 805; x_wconf 82' lang='lat' dir='ltr'>obesse,</span> <span class='ocrx_word' id='word_1_40' title='bbox 314 725 400 872; x_wconf 57' lang='lat' dir='ltr'>puin</span> <span class='ocrx_word' id='word_1_41' title='bbox 416 727 567 810; x_wconf 75' lang='lat' dir='ltr'>prosimu</span> <span class='ocrx_word' id='word_1_42' title='bbox 588 736 673 787; x_wconf 76' lang='lat' dir='ltr'>cocle</span> <span class='ocrx_word' id='word_1_43' title='bbox 694 724 831 788; x_wconf 80' lang='lat' dir='ltr'>Sabinus</span> <span class='ocrx_word' id='word_1_44' title='bbox 853 725 933 787; x_wconf 82' lang='lat' dir='ltr'>clam</span> <span class='ocrx_word' id='word_1_45' title='bbox 958 747 996 787; x_wconf 75' lang='lat' dir='ltr'>en</span> <span class='ocrx_word' id='word_1_46' title='bbox 1029 727 1137 788; x_wconf 79' lang='lat' dir='ltr'>castris</span> 
     </span>
    </p>
   </div>
   <div class='ocr_carea' id='block_1_3' title="bbox 97 809 1137 2078">
    <p class='ocr_par' dir='ltr' id='par_1_3' title="bbox 97 809 1137 1997">
     <span class='ocr_line' id='line_1_7' title="bbox 101 809 1137 896; baseline 0.003 -25"><span class='ocrx_word' id='word_1_47' title='bbox 101 811 268 872; x_wconf 73' lang='lat' dir='ltr'>exercitum</span> <span class='ocrx_word' id='word_1_48' title='bbox 299 822 408 873; x_wconf 79' lang='lat' dir='ltr'>coeat</span> <span class='ocrx_word' id='word_1_49' title='bbox 439 821 467 873; x_wconf 78' lang='lat' dir='ltr'>et</span> <span class='ocrx_word' id='word_1_50' title='bbox 498 811 542 873; x_wconf 82' lang='lat' dir='ltr'>ad</span> <span class='ocrx_word' id='word_1_51' title='bbox 575 810 737 873; x_wconf 81' lang='lat' dir='ltr'>Caesarem</span> <span class='ocrx_word' id='word_1_52' title='bbox 765 810 879 874; x_wconf 70' lang='lat' dir='ltr'>coecilii</span> <span class='ocrx_word' id='word_1_53' title='bbox 890 809 1019 896; x_wconf 77' lang='lat' dir='ltr'>serendi</span> <span class='ocrx_word' id='word_1_54' title='bbox 1041 833 1137 874; x_wconf 75' lang='lat' dir='ltr'>carne</span> 
     </span>
     <span class='ocr_line' id='line_1_8' title="bbox 97 893 1136 984; baseline 0.002 -28"><span class='ocrx_word' id='word_1_55' title='bbox 97 896 323 984; x_wconf 77' lang='lat' dir='ltr'>proficiscatur.</span> <span class='ocrx_word' id='word_1_56' title='bbox 354 893 455 973; x_wconf 82' lang='lat' dir='ltr'>Quod</span> <span class='ocrx_word' id='word_1_57' title='bbox 477 895 534 960; x_wconf 94' lang='lat' dir='ltr'>ubi</span> <span class='ocrx_word' id='word_1_58' title='bbox 551 894 771 970; x_wconf 72' lang='lat' dir='ltr'>auditumst,</span> <span class='ocrx_word' id='word_1_59' title='bbox 794 895 1001 957; x_wconf 88' lang='lat' dir='ltr'>conclamant</span> <span class='ocrx_word' id='word_1_60' title='bbox 1012 916 1136 970; x_wconf 90' lang='lat' dir='ltr'>omnes,</span> 
     </span>
     <span class='ocr_line' id='line_1_9' title="bbox 102 978 1135 1064; baseline 0.002 -23"><span class='ocrx_word' id='word_1_61' title='bbox 102 979 312 1049; x_wconf 77' lang='lat' dir='ltr'>occasionem</span> <span class='ocrx_word' id='word_1_62' title='bbox 334 980 456 1064; x_wconf 84' lang='lat' dir='ltr'>negotii</span> <span class='ocrx_word' id='word_1_63' title='bbox 478 982 562 1044; x_wconf 89' lang='lat' dir='ltr'>bene</span> <span class='ocrx_word' id='word_1_64' title='bbox 583 979 718 1064; x_wconf 85' lang='lat' dir='ltr'>gerendi</span> <span class='ocrx_word' id='word_1_65' title='bbox 741 978 952 1042; x_wconf 90' lang='lat' dir='ltr'>amittendam</span> <span class='ocrx_word' id='word_1_66' title='bbox 967 1001 1034 1042; x_wconf 91' lang='lat' dir='ltr'>uon</span> <span class='ocrx_word' id='word_1_67' title='bbox 1046 1000 1135 1043; x_wconf 85' lang='lat' dir='ltr'>csse:</span> 
     </span>
     <span class='ocr_line' id='line_1_10' title="bbox 102 1064 1136 1149; baseline 0.001 -22"><span class='ocrx_word' id='word_1_68' title='bbox 102 1064 167 1127; x_wconf 83' lang='lat' dir='ltr'>⁵ad</span> <span class='ocrx_word' id='word_1_69' title='bbox 190 1076 298 1128; x_wconf 88' lang='lat' dir='ltr'>castra</span> <span class='ocrx_word' id='word_1_70' title='bbox 321 1065 360 1127; x_wconf 93' lang='lat' dir='ltr'>iri</span> <span class='ocrx_word' id='word_1_71' title='bbox 383 1075 546 1149; x_wconf 87' lang='lat' dir='ltr'>oportere.</span> <span class='ocrx_word' id='word_1_72' title='bbox 591 1065 716 1128; x_wconf 88' lang='lat' dir='ltr'>Multae</span> <span class='ocrx_word' id='word_1_73' title='bbox 738 1086 793 1127; x_wconf 89' lang='lat' dir='ltr'>res</span> <span class='ocrx_word' id='word_1_74' title='bbox 816 1064 859 1127; x_wconf 89' lang='lat' dir='ltr'>ad</span> <span class='ocrx_word' id='word_1_75' title='bbox 881 1064 947 1126; x_wconf 89' lang='lat' dir='ltr'>hoc</span> <span class='ocrx_word' id='word_1_76' title='bbox 963 1066 1136 1128; x_wconf 87' lang='lat' dir='ltr'>consilium</span> 
     </span>
     <span class='ocr_line' id='line_1_11' title="bbox 103 1147 1136 1233; baseline 0 -21"><span class='ocrx_word' id='word_1_77' title='bbox 103 1147 221 1212; x_wconf 87' lang='lat' dir='ltr'>Gallos</span> <span class='ocrx_word' id='word_1_78' title='bbox 243 1149 475 1213; x_wconf 81' lang='lat' dir='ltr'>hortabantur:</span> <span class='ocrx_word' id='word_1_79' title='bbox 509 1149 734 1233; x_wconf 67' lang='lat' dir='ltr'>“superiorum</span> <span class='ocrx_word' id='word_1_80' title='bbox 770 1149 895 1212; x_wconf 89' lang='lat' dir='ltr'>dierum</span> <span class='ocrx_word' id='word_1_81' title='bbox 921 1149 1035 1213; x_wconf 87' lang='lat' dir='ltr'>Sabini</span> <span class='ocrx_word' id='word_1_82' title='bbox 1058 1171 1136 1212; x_wconf 89' lang='lat' dir='ltr'>cun·</span> 
     </span>
     <span class='ocr_line' id='line_1_12' title="bbox 101 1233 1137 1319; baseline 0.001 -23"><span class='ocrx_word' id='word_1_83' title='bbox 101 1234 212 1312; x_wconf 83' lang='lat' dir='ltr'>ctati0,</span> <span class='ocrx_word' id='word_1_84' title='bbox 236 1233 394 1319; x_wconf 85' lang='lat' dir='ltr'>perfugae</span> <span class='ocrx_word' id='word_1_85' title='bbox 417 1234 629 1308; x_wconf 88' lang='lat' dir='ltr'>confirmatio,</span> <span class='ocrx_word' id='word_1_86' title='bbox 653 1234 764 1318; x_wconf 89' lang='lat' dir='ltr'>inopia</span> <span class='ocrx_word' id='word_1_87' title='bbox 787 1235 991 1304; x_wconf 85' lang='lat' dir='ltr'>cibariorum,</span> <span class='ocrx_word' id='word_1_88' title='bbox 1014 1235 1067 1297; x_wconf 92' lang='lat' dir='ltr'>cui</span> <span class='ocrx_word' id='word_1_89' title='bbox 1089 1234 1137 1297; x_wconf 88' lang='lat' dir='ltr'>rei</span> 
     </span>
     <span class='ocr_line' id='line_1_13' title="bbox 100 1318 1135 1403; baseline 0.001 -23"><span class='ocrx_word' id='word_1_90' title='bbox 100 1339 218 1402; x_wconf 91' lang='lat' dir='ltr'>parum</span> <span class='ocrx_word' id='word_1_91' title='bbox 241 1318 413 1402; x_wconf 86' lang='lat' dir='ltr'>diligenter</span> <span class='ocrx_word' id='word_1_92' title='bbox 435 1319 476 1381; x_wconf 88' lang='lat' dir='ltr'>ab</span> <span class='ocrx_word' id='word_1_93' title='bbox 500 1319 552 1381; x_wconf 92' lang='lat' dir='ltr'>his</span> <span class='ocrx_word' id='word_1_94' title='bbox 569 1328 639 1382; x_wconf 88' lang='lat' dir='ltr'>erat</span> <span class='ocrx_word' id='word_1_95' title='bbox 661 1320 839 1402; x_wconf 85' lang='lat' dir='ltr'>provisum,</span> <span class='ocrx_word' id='word_1_96' title='bbox 862 1318 961 1403; x_wconf 68' lang='lat' dir='ltr'>&#39;spes</span> <span class='ocrx_word' id='word_1_97' title='bbox 985 1318 1135 1401; x_wconf 88' lang='lat' dir='ltr'>Venetici</span> 
     </span>
     <span class='ocr_line' id='line_1_14' title="bbox 100 1402 1135 1486; baseline 0.001 -21"><span class='ocrx_word' id='word_1_98' title='bbox 100 1403 188 1481; x_wconf 92' lang='lat' dir='ltr'>belli,</span> <span class='ocrx_word' id='word_1_99' title='bbox 212 1412 247 1466; x_wconf 89' lang='lat' dir='ltr'>et</span> <span class='ocrx_word' id='word_1_100' title='bbox 269 1402 362 1486; x_wconf 90' lang='lat' dir='ltr'>quod</span> <span class='ocrx_word' id='word_1_101' title='bbox 383 1402 452 1466; x_wconf 84' lang='lat' dir='ltr'>fere</span> <span class='ocrx_word' id='word_1_102' title='bbox 475 1404 614 1467; x_wconf 88' lang='lat' dir='ltr'>libenter</span> <span class='ocrx_word' id='word_1_103' title='bbox 636 1402 786 1466; x_wconf 91' lang='lat' dir='ltr'>homines</span> <span class='ocrx_word' id='word_1_104' title='bbox 812 1403 855 1477; x_wconf 89' lang='lat' dir='ltr'>id,</span> <span class='ocrx_word' id='word_1_105' title='bbox 889 1403 981 1486; x_wconf 91' lang='lat' dir='ltr'>quod</span> <span class='ocrx_word' id='word_1_106' title='bbox 1010 1403 1135 1479; x_wconf 92' lang='lat' dir='ltr'>volunt,</span> 
     </span>
     <span class='ocr_line' id='line_1_15' title="bbox 101 1486 1135 1572; baseline -0.001 -21"><span class='ocrx_word' id='word_1_107' title='bbox 101 1487 250 1551; x_wconf 89' lang='lat' dir='ltr'>credunt.</span> <span class='ocrx_word' id='word_1_108' title='bbox 293 1487 357 1550; x_wconf 91' lang='lat' dir='ltr'>His</span> <span class='ocrx_word' id='word_1_109' title='bbox 382 1489 482 1551; x_wconf 91' lang='lat' dir='ltr'>rebus</span> <span class='ocrx_word' id='word_1_110' title='bbox 516 1487 652 1552; x_wconf 88' lang='lat' dir='ltr'>adducti</span> <span class='ocrx_word' id='word_1_111' title='bbox 685 1511 752 1551; x_wconf 92' lang='lat' dir='ltr'>non</span> <span class='ocrx_word' id='word_1_112' title='bbox 784 1489 877 1572; x_wconf 87' lang='lat' dir='ltr'>prius</span> <span class='ocrx_word' id='word_1_113' title='bbox 911 1486 1135 1551; x_wconf 88' lang='lat' dir='ltr'>Viridovicem</span> 
     </span>
     <span class='ocr_line' id='line_1_16' title="bbox 100 1571 1134 1657; baseline -0.001 -22"><span class='ocrx_word' id='word_1_114' title='bbox 100 1572 317 1657; x_wconf 86' lang='lat' dir='ltr'>reliquosque</span> <span class='ocrx_word' id='word_1_115' title='bbox 342 1571 444 1636; x_wconf 90' lang='lat' dir='ltr'>duces</span> <span class='ocrx_word' id='word_1_116' title='bbox 468 1595 510 1635; x_wconf 88' lang='lat' dir='ltr'>ex</span> <span class='ocrx_word' id='word_1_117' title='bbox 533 1573 672 1637; x_wconf 85' lang='lat' dir='ltr'>concilio</span> <span class='ocrx_word' id='word_1_118' title='bbox 696 1572 871 1647; x_wconf 90' lang='lat' dir='ltr'>dimittunt,</span> <span class='ocrx_word' id='word_1_119' title='bbox 894 1573 1012 1655; x_wconf 82' lang='lat' dir='ltr'>⁸quam</span> <span class='ocrx_word' id='word_1_120' title='bbox 1028 1573 1069 1637; x_wconf 88' lang='lat' dir='ltr'>ab</span> <span class='ocrx_word' id='word_1_121' title='bbox 1081 1573 1134 1635; x_wconf 88' lang='lat' dir='ltr'>his</span> 
     </span>
     <span class='ocr_line' id='line_1_17' title="bbox 101 1657 1135 1742; baseline 0.001 -23"><span class='ocrx_word' id='word_1_122' title='bbox 101 1657 146 1720; x_wconf 90' lang='lat' dir='ltr'>sit</span> <span class='ocrx_word' id='word_1_123' title='bbox 168 1678 373 1733; x_wconf 87' lang='lat' dir='ltr'>concessum,</span> <span class='ocrx_word' id='word_1_124' title='bbox 395 1679 486 1721; x_wconf 88' lang='lat' dir='ltr'>arma</span> <span class='ocrx_word' id='word_1_125' title='bbox 507 1658 554 1721; x_wconf 89' lang='lat' dir='ltr'>uti</span> <span class='ocrx_word' id='word_1_126' title='bbox 576 1658 708 1742; x_wconf 89' lang='lat' dir='ltr'>capiant</span> <span class='ocrx_word' id='word_1_127' title='bbox 737 1666 769 1721; x_wconf 90' lang='lat' dir='ltr'>ct</span> <span class='ocrx_word' id='word_1_128' title='bbox 797 1657 840 1721; x_wconf 90' lang='lat' dir='ltr'>ad</span> <span class='ocrx_word' id='word_1_129' title='bbox 869 1666 979 1719; x_wconf 87' lang='lat' dir='ltr'>castra</span> <span class='ocrx_word' id='word_1_130' title='bbox 1001 1665 1135 1720; x_wconf 90' lang='lat' dir='ltr'>conten·</span> 
     </span>
     <span class='ocr_line' id='line_1_18' title="bbox 102 1740 1135 1826; baseline 0 -22"><span class='ocrx_word' id='word_1_131' title='bbox 102 1741 190 1804; x_wconf 87' lang='lat' dir='ltr'>dant.</span> <span class='ocrx_word' id='word_1_132' title='bbox 236 1740 311 1820; x_wconf 84' lang='lat' dir='ltr'>Qua</span> <span class='ocrx_word' id='word_1_133' title='bbox 331 1763 368 1806; x_wconf 88' lang='lat' dir='ltr'>re</span> <span class='ocrx_word' id='word_1_134' title='bbox 390 1764 551 1806; x_wconf 88' lang='lat' dir='ltr'>concessa</span> <span class='ocrx_word' id='word_1_135' title='bbox 572 1742 651 1806; x_wconf 89' lang='lat' dir='ltr'>laeti</span> <span class='ocrx_word' id='word_1_136' title='bbox 672 1751 710 1806; x_wconf 94' lang='lat' dir='ltr'>ut</span> <span class='ocrx_word' id='word_1_137' title='bbox 733 1742 906 1826; x_wconf 86' lang='lat' dir='ltr'>explorata</span> <span class='ocrx_word' id='word_1_138' title='bbox 916 1741 1054 1804; x_wconf 87' lang='lat' dir='ltr'>victoria</span> <span class='ocrx_word' id='word_1_139' title='bbox 1066 1763 1135 1804; x_wconf 89' lang='lat' dir='ltr'>sar·</span> 
     </span>
     <span class='ocr_line' id='line_1_19' title="bbox 100 1825 1135 1974; baseline 0.003 -86"><span class='ocrx_word' id='word_1_140' title='bbox 100 1826 219 1889; x_wconf 90' lang='lat' dir='ltr'>mentis</span> <span class='ocrx_word' id='word_1_141' title='bbox 242 1827 460 1974; x_wconf 57' lang='lat' dir='ltr'>virpultisque</span> <span class='ocrx_word' id='word_1_142' title='bbox 483 1828 641 1902; x_wconf 89' lang='lat' dir='ltr'>collectis,</span> <span class='ocrx_word' id='word_1_143' title='bbox 676 1829 796 1909; x_wconf 89' lang='lat' dir='ltr'>quibus</span> <span class='ocrx_word' id='word_1_144' title='bbox 829 1825 942 1891; x_wconf 85' lang='lat' dir='ltr'>fossas</span> <span class='ocrx_word' id='word_1_145' title='bbox 970 1826 1135 1890; x_wconf 89' lang='lat' dir='ltr'>Romano·</span> 
     </span>
     <span class='ocr_line' id='line_1_20' title="bbox 100 1912 999 1997; baseline 0 -25"><span class='ocrx_word' id='word_1_146' title='bbox 100 1931 173 1973; x_wconf 89' lang='lat' dir='ltr'>rum</span> <span class='ocrx_word' id='word_1_147' title='bbox 195 1932 291 1995; x_wconf 90' lang='lat' dir='ltr'>comp</span> <span class='ocrx_word' id='word_1_148' title='bbox 307 1921 392 1986; x_wconf 88' lang='lat' dir='ltr'>eant,</span> <span class='ocrx_word' id='word_1_149' title='bbox 414 1912 458 1975; x_wconf 89' lang='lat' dir='ltr'>ad</span> <span class='ocrx_word' id='word_1_150' title='bbox 480 1921 590 1976; x_wconf 89' lang='lat' dir='ltr'>eastra</span> <span class='ocrx_word' id='word_1_151' title='bbox 611 1921 761 1997; x_wconf 83' lang='lat' dir='ltr'>pergunt.</span> <span class='ocrx_word' id='word_1_152' title='bbox 994 1966 999 1972; x_wconf 91' lang='lat'>.</span> 
     </span>
    </p>

    <p class='ocr_par' dir='ltr' id='par_1_4' title="bbox 147 1995 1134 2078">
     <span class='ocr_line' id='line_1_21' title="bbox 147 1995 1134 2078; baseline 0.002 -19"><span class='ocrx_word' id='word_1_153' title='bbox 147 1995 195 2059; x_wconf 77' lang='lat'>19.</span> <span class='ocrx_word' id='word_1_154' title='bbox 240 1996 352 2059; x_wconf 88' lang='lat' dir='ltr'>Locus</span> <span class='ocrx_word' id='word_1_155' title='bbox 386 2005 456 2060; x_wconf 92' lang='lat' dir='ltr'>erat</span> <span class='ocrx_word' id='word_1_156' title='bbox 489 2007 672 2060; x_wconf 89' lang='lat' dir='ltr'>castrorum</span> <span class='ocrx_word' id='word_1_157' title='bbox 707 1997 815 2061; x_wconf 89' lang='lat' dir='ltr'>editus</span> <span class='ocrx_word' id='word_1_158' title='bbox 850 2005 882 2060; x_wconf 88' lang='lat' dir='ltr'>et</span> <span class='ocrx_word' id='word_1_159' title='bbox 908 1997 1063 2078; x_wconf 85' lang='lat' dir='ltr'>paulatim</span> <span class='ocrx_word' id='word_1_160' title='bbox 1093 1998 1134 2061; x_wconf 92' lang='lat' dir='ltr'>ab</span> 
     </span>
    </p>
   </div>
   <div class='ocr_carea' id='block_1_4' title="bbox 100 2080 1227 2168">
    <p class='ocr_par' dir='ltr' id='par_1_5' title="bbox 100 2080 1227 2168">
     <span class='ocr_line' id='line_1_22' title="bbox 100 2080 1227 2168; baseline 0.006 -26"><span class='ocrx_word' id='word_1_161' title='bbox 100 2080 166 2142; x_wconf 91' lang='lat' dir='ltr'>imo</span> <span class='ocrx_word' id='word_1_162' title='bbox 189 2081 333 2156; x_wconf 91' lang='lat' dir='ltr'>acclivis,</span> <span class='ocrx_word' id='word_1_163' title='bbox 357 2082 505 2145; x_wconf 87' lang='lat' dir='ltr'>¹cireiter</span> <span class='ocrx_word' id='word_1_164' title='bbox 516 2103 638 2165; x_wconf 89' lang='lat' dir='ltr'>passus</span> <span class='ocrx_word' id='word_1_165' title='bbox 662 2083 758 2146; x_wconf 90' lang='lat' dir='ltr'>mille.</span> <span class='ocrx_word' id='word_1_166' title='bbox 806 2083 877 2145; x_wconf 86' lang='lat' dir='ltr'>Huc</span> <span class='ocrx_word' id='word_1_167' title='bbox 900 2104 1018 2168; x_wconf 83' lang='lat' dir='ltr'>magno</span> <span class='ocrx_word' id='word_1_168' title='bbox 1035 2105 1135 2145; x_wconf 87' lang='lat' dir='ltr'>cursu</span> <span class='ocrx_word' id='word_1_169' title='bbox 1223 2142 1227 2149; x_wconf 93' lang='lat'><em>.</em></span> 
     </span>
    </p>
   </div>
   <div class='ocr_carea' id='block_1_5' title="bbox 97 2165 1134 3953">
    <p class='ocr_par' dir='ltr' id='par_1_6' title="bbox 98 2165 1134 3676">
     <span class='ocr_line' id='line_1_23' title="bbox 100 2165 1134 2250; baseline 0 -22"><span class='ocrx_word' id='word_1_170' title='bbox 100 2165 350 2241; x_wconf 88' lang='lat' dir='ltr'>contenderunt,</span> <span class='ocrx_word' id='word_1_171' title='bbox 374 2167 431 2229; x_wconf 72' lang='grc' dir='ltr'>2ιιι.</span> <span class='ocrx_word' id='word_1_172' title='bbox 453 2188 550 2250; x_wconf 89' lang='lat' dir='ltr'>quam</span> <span class='ocrx_word' id='word_1_173' title='bbox 579 2169 744 2230; x_wconf 89' lang='lat' dir='ltr'>minimum</span> <span class='ocrx_word' id='word_1_174' title='bbox 772 2169 869 2250; x_wconf 85' lang='lat' dir='ltr'>spatii</span> <span class='ocrx_word' id='word_1_175' title='bbox 903 2167 947 2231; x_wconf 89' lang='lat' dir='ltr'>ad</span> <span class='ocrx_word' id='word_1_176' title='bbox 981 2190 1016 2230; x_wconf 91' lang='lat' dir='ltr'>sc</span> <span class='ocrx_word' id='word_1_177' title='bbox 1043 2167 1134 2230; x_wconf 87' lang='lat' dir='ltr'>colli-</span> 
     </span>
     <span class='ocr_line' id='line_1_24' title="bbox 100 2249 1134 2336; baseline 0.003 -24"><span class='ocrx_word' id='word_1_178' title='bbox 100 2249 230 2336; x_wconf 87' lang='lat' dir='ltr'>gendos</span> <span class='ocrx_word' id='word_1_179' title='bbox 254 2251 499 2334; x_wconf 86' lang='lat' dir='ltr'>armandosque</span> <span class='ocrx_word' id='word_1_180' title='bbox 521 2252 677 2315; x_wconf 83' lang='lat' dir='ltr'>Romanis</span> <span class='ocrx_word' id='word_1_181' title='bbox 708 2253 850 2325; x_wconf 86' lang='lat' dir='ltr'>daretur,</span> <span class='ocrx_word' id='word_1_182' title='bbox 874 2253 1134 2336; x_wconf 77' lang='lat' dir='ltr'>³exanimatique</span> 
     </span>
     <span class='ocr_line' id='line_1_25' title="bbox 100 2337 1134 2421; baseline 0.001 -23"><span class='ocrx_word' id='word_1_183' title='bbox 100 2345 330 2419; x_wconf 86' lang='lat' dir='ltr'>pervenerunt.</span> <span class='ocrx_word' id='word_1_184' title='bbox 359 2337 502 2400; x_wconf 87' lang='lat' dir='ltr'>Sabinus</span> <span class='ocrx_word' id='word_1_185' title='bbox 514 2359 595 2400; x_wconf 90' lang='lat' dir='ltr'>suos</span> <span class='ocrx_word' id='word_1_186' title='bbox 608 2337 760 2402; x_wconf 87' lang='lat' dir='ltr'>hortatus</span> <span class='ocrx_word' id='word_1_187' title='bbox 783 2337 991 2421; x_wconf 86' lang='lat' dir='ltr'>cupientibus</span> <span class='ocrx_word' id='word_1_188' title='bbox 1005 2338 1134 2417; x_wconf 73' lang='lat' dir='ltr'>signum</span> 
     </span>
     <span class='ocr_line' id='line_1_26' title="bbox 100 2420 1133 2507; baseline 0 -23"><span class='ocrx_word' id='word_1_189' title='bbox 100 2420 167 2484; x_wconf 87' lang='lat' dir='ltr'>dat.</span> <span class='ocrx_word' id='word_1_190' title='bbox 217 2421 388 2505; x_wconf 88' lang='lat' dir='ltr'>Impeditis</span> <span class='ocrx_word' id='word_1_191' title='bbox 417 2422 571 2486; x_wconf 90' lang='lat' dir='ltr'>hostibus</span> <span class='ocrx_word' id='word_1_192' title='bbox 600 2432 737 2507; x_wconf 90' lang='lat' dir='ltr'>propter</span> <span class='ocrx_word' id='word_1_193' title='bbox 767 2444 820 2497; x_wconf 87' lang='lat' dir='ltr'>ea,</span> <span class='ocrx_word' id='word_1_194' title='bbox 858 2443 942 2506; x_wconf 91' lang='lat' dir='ltr'>quae</span> <span class='ocrx_word' id='word_1_195' title='bbox 970 2421 1133 2496; x_wconf 84' lang='lat' dir='ltr'>ferebant,</span> 
     </span>
     <span class='ocr_line' id='line_1_27' title="bbox 98 2506 1132 2593; baseline 0.002 -25"><span class='ocrx_word' id='word_1_196' title='bbox 98 2506 222 2569; x_wconf 83' lang='lat' dir='ltr'>⁴onere</span> <span class='ocrx_word' id='word_1_197' title='bbox 255 2507 366 2570; x_wconf 88' lang='lat' dir='ltr'>subito</span> <span class='ocrx_word' id='word_1_198' title='bbox 401 2506 531 2572; x_wconf 89' lang='lat' dir='ltr'>duabus</span> <span class='ocrx_word' id='word_1_199' title='bbox 566 2509 671 2592; x_wconf 87' lang='lat' dir='ltr'>portis</span> <span class='ocrx_word' id='word_1_200' title='bbox 706 2509 911 2593; x_wconf 86' lang='lat' dir='ltr'>eruptionem</span> <span class='ocrx_word' id='word_1_201' title='bbox 939 2507 1008 2570; x_wconf 90' lang='lat' dir='ltr'>fieri</span> <span class='ocrx_word' id='word_1_202' title='bbox 1026 2507 1132 2591; x_wconf 88' lang='lat' dir='ltr'>jubet.</span> 
     </span>
     <span class='ocr_line' id='line_1_28' title="bbox 99 2589 1133 2675; baseline 0.001 -21"><span class='ocrx_word' id='word_1_203' title='bbox 99 2589 236 2654; x_wconf 84' lang='lat' dir='ltr'>Factum</span> <span class='ocrx_word' id='word_1_204' title='bbox 259 2601 311 2654; x_wconf 89' lang='lat' dir='ltr'>est</span> <span class='ocrx_word' id='word_1_205' title='bbox 333 2594 581 2675; x_wconf 89' lang='lat' dir='ltr'>opportunitate</span> <span class='ocrx_word' id='word_1_206' title='bbox 604 2593 677 2668; x_wconf 92' lang='lat' dir='ltr'>loci,</span> <span class='ocrx_word' id='word_1_207' title='bbox 711 2594 857 2656; x_wconf 88' lang='lat' dir='ltr'>hostium</span> <span class='ocrx_word' id='word_1_208' title='bbox 889 2593 1059 2655; x_wconf 87' lang='lat' dir='ltr'>inscientia</span> <span class='ocrx_word' id='word_1_209' title='bbox 1094 2612 1133 2655; x_wconf 91' lang='lat' dir='ltr'>ao</span> 
     </span>
     <span class='ocr_line' id='line_1_29' title="bbox 100 2675 1133 2762; baseline -0.002 -22"><span class='ocrx_word' id='word_1_210' title='bbox 100 2675 344 2760; x_wconf 81' lang='lat' dir='ltr'>defatigatione,</span> <span class='ocrx_word' id='word_1_211' title='bbox 368 2677 488 2740; x_wconf 90' lang='lat' dir='ltr'>virtuto</span> <span class='ocrx_word' id='word_1_212' title='bbox 509 2677 647 2740; x_wconf 89' lang='lat' dir='ltr'>militum</span> <span class='ocrx_word' id='word_1_213' title='bbox 670 2687 703 2741; x_wconf 90' lang='lat' dir='ltr'>et</span> <span class='ocrx_word' id='word_1_214' title='bbox 725 2678 930 2762; x_wconf 86' lang='lat' dir='ltr'>superiorum</span> <span class='ocrx_word' id='word_1_215' title='bbox 949 2697 1133 2762; x_wconf 85' lang='lat' dir='ltr'>pugnarum</span> 
     </span>
     <span class='ocr_line' id='line_1_30' title="bbox 100 2762 1132 2846; baseline 0 -23"><span class='ocrx_word' id='word_1_216' title='bbox 100 2762 343 2836; x_wconf 83' lang='lat' dir='ltr'>exercitatione,</span> <span class='ocrx_word' id='word_1_217' title='bbox 365 2768 403 2825; x_wconf 89' lang='lat' dir='ltr'>ut</span> <span class='ocrx_word' id='word_1_218' title='bbox 424 2784 466 2826; x_wconf 88' lang='lat' dir='ltr'>ne</span> <span class='ocrx_word' id='word_1_219' title='bbox 487 2784 588 2825; x_wconf 89' lang='lat' dir='ltr'>uuum</span> <span class='ocrx_word' id='word_1_220' title='bbox 611 2763 742 2845; x_wconf 89' lang='lat' dir='ltr'>quidem</span> <span class='ocrx_word' id='word_1_221' title='bbox 769 2771 960 2825; x_wconf 91' lang='lat' dir='ltr'>nostrorum</span> <span class='ocrx_word' id='word_1_222' title='bbox 976 2763 1132 2846; x_wconf 90' lang='lat' dir='ltr'>impetum</span> 
     </span>
     <span class='ocr_line' id='line_1_31' title="bbox 98 2843 1133 2933; baseline -0.001 -23"><span class='ocrx_word' id='word_1_223' title='bbox 98 2843 224 2910; x_wconf 81' lang='lat' dir='ltr'>ferrent</span> <span class='ocrx_word' id='word_1_224' title='bbox 245 2868 284 2910; x_wconf 88' lang='lat' dir='ltr'>ao</span> <span class='ocrx_word' id='word_1_225' title='bbox 306 2847 416 2910; x_wconf 87' lang='lat' dir='ltr'>statim</span> <span class='ocrx_word' id='word_1_226' title='bbox 434 2856 528 2933; x_wconf 85' lang='lat' dir='ltr'>terga</span> <span class='ocrx_word' id='word_1_227' title='bbox 549 2856 722 2911; x_wconf 87' lang='lat' dir='ltr'>verterent.</span> <span class='ocrx_word' id='word_1_228' title='bbox 768 2846 862 2926; x_wconf 84' lang='lat' dir='ltr'>Quos</span> <span class='ocrx_word' id='word_1_229' title='bbox 885 2847 1061 2931; x_wconf 85' lang='lat' dir='ltr'>impeditos</span> <span class='ocrx_word' id='word_1_230' title='bbox 1080 2847 1133 2909; x_wconf 86' lang='lat' dir='ltr'>in·</span> 
     </span>
     <span class='ocr_line' id='line_1_32' title="bbox 99 2932 1132 3017; baseline 0 -22"><span class='ocrx_word' id='word_1_231' title='bbox 99 2932 202 3017; x_wconf 80' lang='lat' dir='ltr'>tegris</span> <span class='ocrx_word' id='word_1_232' title='bbox 226 2932 350 2996; x_wconf 88' lang='lat' dir='ltr'>viribus</span> <span class='ocrx_word' id='word_1_233' title='bbox 373 2932 492 2996; x_wconf 90' lang='lat' dir='ltr'>milites</span> <span class='ocrx_word' id='word_1_234' title='bbox 515 2933 623 2996; x_wconf 90' lang='lat' dir='ltr'>nostri</span> <span class='ocrx_word' id='word_1_235' title='bbox 645 2933 814 2996; x_wconf 88' lang='lat' dir='ltr'>consecuti</span> <span class='ocrx_word' id='word_1_236' title='bbox 836 2954 989 3017; x_wconf 84' lang='lat' dir='ltr'>magnum</span> <span class='ocrx_word' id='word_1_237' title='bbox 1020 2953 1132 2995; x_wconf 88' lang='lat' dir='ltr'>nume·</span> 
     </span>
     <span class='ocr_line' id='line_1_33' title="bbox 99 3016 1132 3101; baseline -0.001 -20"><span class='ocrx_word' id='word_1_238' title='bbox 99 3037 172 3081; x_wconf 87' lang='lat' dir='ltr'>rum</span> <span class='ocrx_word' id='word_1_239' title='bbox 195 3037 307 3080; x_wconf 87' lang='lat' dir='ltr'>eorum</span> <span class='ocrx_word' id='word_1_240' title='bbox 330 3016 537 3092; x_wconf 71' lang='lat' dir='ltr'>occiderunt,</span> <span class='ocrx_word' id='word_1_241' title='bbox 559 3017 707 3100; x_wconf 87' lang='lat' dir='ltr'>rehquos</span> <span class='ocrx_word' id='word_1_242' title='bbox 720 3019 847 3101; x_wconf 87' lang='lat' dir='ltr'>equites</span> <span class='ocrx_word' id='word_1_243' title='bbox 860 3017 1040 3081; x_wconf 88' lang='lat' dir='ltr'>consectati</span> <span class='ocrx_word' id='word_1_244' title='bbox 1052 3039 1132 3101; x_wconf 88' lang='lat' dir='ltr'>pau·</span> 
     </span>
     <span class='ocr_line' id='line_1_34' title="bbox 100 3100 1132 3186; baseline 0.001 -22"><span class='ocrx_word' id='word_1_245' title='bbox 100 3122 169 3177; x_wconf 86' lang='lat' dir='ltr'>cos,</span> <span class='ocrx_word' id='word_1_246' title='bbox 191 3103 249 3185; x_wconf 89' lang='lat' dir='ltr'>qui</span> <span class='ocrx_word' id='word_1_247' title='bbox 260 3124 303 3164; x_wconf 87' lang='lat' dir='ltr'>ex</span> <span class='ocrx_word' id='word_1_248' title='bbox 314 3100 392 3186; x_wconf 83' lang='lat' dir='ltr'>suga</span> <span class='ocrx_word' id='word_1_249' title='bbox 414 3111 595 3178; x_wconf 87' lang='lat' dir='ltr'>evaserant,</span> <span class='ocrx_word' id='word_1_250' title='bbox 622 3103 852 3186; x_wconf 76' lang='lat' dir='ltr'>⁵reliquerunt</span> <span class='ocrx_word' id='word_1_251' title='bbox 895 3103 952 3166; x_wconf 87' lang='lat' dir='ltr'>Sic</span> <span class='ocrx_word' id='word_1_252' title='bbox 973 3124 1039 3166; x_wconf 89' lang='lat' dir='ltr'>uno</span> <span class='ocrx_word' id='word_1_253' title='bbox 1052 3112 1132 3166; x_wconf 90' lang='lat' dir='ltr'>tem-</span> 
     </span>
     <span class='ocr_line' id='line_1_35' title="bbox 99 3186 1133 3272; baseline 0 -22"><span class='ocrx_word' id='word_1_254' title='bbox 99 3206 183 3272; x_wconf 84' lang='lat' dir='ltr'>pore</span> <span class='ocrx_word' id='word_1_255' title='bbox 204 3194 238 3250; x_wconf 91' lang='lat' dir='ltr'>et</span> <span class='ocrx_word' id='word_1_256' title='bbox 260 3186 303 3250; x_wconf 91' lang='lat' dir='ltr'>de</span> <span class='ocrx_word' id='word_1_257' title='bbox 324 3187 432 3250; x_wconf 84' lang='lat' dir='ltr'>navali</span> <span class='ocrx_word' id='word_1_258' title='bbox 455 3208 567 3272; x_wconf 85' lang='lat' dir='ltr'>pugna</span> <span class='ocrx_word' id='word_1_259' title='bbox 588 3188 730 3252; x_wconf 86' lang='lat' dir='ltr'>Sabinus</span> <span class='ocrx_word' id='word_1_260' title='bbox 744 3199 777 3251; x_wconf 91' lang='lat' dir='ltr'>et</span> <span class='ocrx_word' id='word_1_261' title='bbox 795 3188 837 3251; x_wconf 85' lang='lat' dir='ltr'>dc</span> <span class='ocrx_word' id='word_1_262' title='bbox 859 3188 972 3252; x_wconf 87' lang='lat' dir='ltr'>Sabini</span> <span class='ocrx_word' id='word_1_263' title='bbox 995 3188 1133 3250; x_wconf 88' lang='lat' dir='ltr'>victoria</span> 
     </span>
     <span class='ocr_line' id='line_1_36' title="bbox 100 3270 1131 3357; baseline -0.001 -22"><span class='ocrx_word' id='word_1_264' title='bbox 100 3271 223 3335; x_wconf 82' lang='lat' dir='ltr'>Cacsar</span> <span class='ocrx_word' id='word_1_265' title='bbox 251 3270 394 3335; x_wconf 83' lang='lat' dir='ltr'>⁶certior</span> <span class='ocrx_word' id='word_1_266' title='bbox 420 3271 538 3346; x_wconf 84' lang='lat' dir='ltr'>faetus,</span> <span class='ocrx_word' id='word_1_267' title='bbox 566 3272 783 3357; x_wconf 87' lang='lat' dir='ltr'>civitatesque</span> <span class='ocrx_word' id='word_1_268' title='bbox 812 3294 926 3337; x_wconf 87' lang='lat' dir='ltr'>omnes</span> <span class='ocrx_word' id='word_1_269' title='bbox 956 3295 992 3335; x_wconf 92' lang='lat' dir='ltr'>se</span> <span class='ocrx_word' id='word_1_270' title='bbox 1021 3273 1131 3335; x_wconf 89' lang='lat' dir='ltr'>statim</span> 
     </span>
     <span class='ocr_line' id='line_1_37' title="bbox 98 3355 1133 3440; baseline -0.002 -20"><span class='ocrx_word' id='word_1_271' title='bbox 98 3355 230 3420; x_wconf 86' lang='lat' dir='ltr'>Titurio</span> <span class='ocrx_word' id='word_1_272' title='bbox 264 3356 471 3422; x_wconf 89' lang='lat' dir='ltr'>dediderunt.</span> <span class='ocrx_word' id='word_1_273' title='bbox 522 3357 627 3423; x_wconf 70' lang='lat' dir='ltr'>&#39;Nam</span> <span class='ocrx_word' id='word_1_274' title='bbox 656 3370 693 3423; x_wconf 89' lang='lat' dir='ltr'>ut</span> <span class='ocrx_word' id='word_1_275' title='bbox 720 3359 764 3422; x_wconf 87' lang='lat' dir='ltr'>ad</span> <span class='ocrx_word' id='word_1_276' title='bbox 796 3358 886 3423; x_wconf 91' lang='lat' dir='ltr'>bella</span> <span class='ocrx_word' id='word_1_277' title='bbox 920 3356 1133 3440; x_wconf 87' lang='lat' dir='ltr'>suscipienda</span> 
     </span>
     <span class='ocr_line' id='line_1_38' title="bbox 99 3440 1131 3527; baseline -0.003 -21"><span class='ocrx_word' id='word_1_278' title='bbox 99 3440 272 3506; x_wconf 88' lang='lat' dir='ltr'>Gallorum</span> <span class='ocrx_word' id='word_1_279' title='bbox 294 3443 404 3506; x_wconf 87' lang='lat' dir='ltr'>alacer</span> <span class='ocrx_word' id='word_1_280' title='bbox 426 3463 465 3506; x_wconf 89' lang='lat' dir='ltr'>ac</span> <span class='ocrx_word' id='word_1_281' title='bbox 492 3452 667 3527; x_wconf 89' lang='lat' dir='ltr'>promptus</span> <span class='ocrx_word' id='word_1_282' title='bbox 696 3451 748 3506; x_wconf 90' lang='lat' dir='ltr'>est</span> <span class='ocrx_word' id='word_1_283' title='bbox 776 3444 912 3516; x_wconf 88' lang='lat' dir='ltr'>animus,</span> <span class='ocrx_word' id='word_1_284' title='bbox 946 3442 994 3504; x_wconf 87' lang='lat' dir='ltr'>sic</span> <span class='ocrx_word' id='word_1_285' title='bbox 1022 3440 1131 3503; x_wconf 87' lang='lat' dir='ltr'>mollis</span> 
     </span>
     <span class='ocr_line' id='line_1_39' title="bbox 98 3525 1131 3611; baseline -0.002 -20"><span class='ocrx_word' id='word_1_286' title='bbox 98 3548 139 3591; x_wconf 87' lang='lat' dir='ltr'>ac</span> <span class='ocrx_word' id='word_1_287' title='bbox 159 3526 289 3590; x_wconf 90' lang='lat' dir='ltr'>minime</span> <span class='ocrx_word' id='word_1_288' title='bbox 310 3528 470 3592; x_wconf 86' lang='lat' dir='ltr'>resistens</span> <span class='ocrx_word' id='word_1_289' title='bbox 493 3528 538 3593; x_wconf 91' lang='lat' dir='ltr'>ad</span> <span class='ocrx_word' id='word_1_290' title='bbox 566 3528 768 3592; x_wconf 89' lang='lat' dir='ltr'>calamitates</span> <span class='ocrx_word' id='word_1_291' title='bbox 796 3525 1010 3611; x_wconf 85' lang='lat' dir='ltr'>perferendas</span> <span class='ocrx_word' id='word_1_292' title='bbox 1039 3547 1131 3589; x_wconf 90' lang='lat' dir='ltr'>meus</span> 
     </span>
     <span class='ocr_line' id='line_1_40' title="bbox 98 3618 298 3676; baseline -0.005 0"><span class='ocrx_word' id='word_1_293' title='bbox 98 3632 216 3676; x_wconf 89' lang='lat' dir='ltr'>eorum</span> <span class='ocrx_word' id='word_1_294' title='bbox 238 3618 298 3675; x_wconf 88' lang='lat' dir='ltr'>est.</span> 
     </span>
    </p>

    <p class='ocr_par' dir='ltr' id='par_1_7' title="bbox 97 3695 1132 3953">
     <span class='ocr_line' id='line_1_41' title="bbox 142 3695 1131 3783; baseline -0.002 -23"><span class='ocrx_word' id='word_1_295' title='bbox 142 3695 194 3760; x_wconf 85' lang='lat'>20.</span> <span class='ocrx_word' id='word_1_296' title='bbox 238 3695 367 3761; x_wconf 86' lang='lat' dir='ltr'>Eodem</span> <span class='ocrx_word' id='word_1_297' title='bbox 387 3696 458 3761; x_wconf 86' lang='lat' dir='ltr'>fere</span> <span class='ocrx_word' id='word_1_298' title='bbox 479 3712 629 3783; x_wconf 87' lang='lat' dir='ltr'>tempore</span> <span class='ocrx_word' id='word_1_299' title='bbox 639 3697 676 3762; x_wconf 91' lang='lat' dir='ltr'>P.</span> <span class='ocrx_word' id='word_1_300' title='bbox 689 3697 839 3771; x_wconf 88' lang='lat' dir='ltr'>Crassus,</span> <span class='ocrx_word' id='word_1_301' title='bbox 863 3717 963 3780; x_wconf 92' lang='lat' dir='ltr'>quum</span> <span class='ocrx_word' id='word_1_302' title='bbox 985 3695 1017 3758; x_wconf 93' lang='lat' dir='ltr'>in</span> <span class='ocrx_word' id='word_1_303' title='bbox 1030 3695 1131 3779; x_wconf 88' lang='lat' dir='ltr'>Aqui·</span> 
     </span>
     <span class='ocr_line' id='line_1_42' title="bbox 97 3782 1132 3868; baseline -0.002 -22"><span class='ocrx_word' id='word_1_304' title='bbox 97 3782 220 3846; x_wconf 83' lang='lat' dir='ltr'>taniam</span> <span class='ocrx_word' id='word_1_305' title='bbox 241 3783 458 3866; x_wconf 77' lang='lat' dir='ltr'>pervenisset,</span> <span class='ocrx_word' id='word_1_306' title='bbox 481 3804 565 3867; x_wconf 86' lang='lat' dir='ltr'>quae</span> <span class='ocrx_word' id='word_1_307' title='bbox 587 3805 676 3868; x_wconf 87' lang='lat' dir='ltr'>pars,</span> <span class='ocrx_word' id='word_1_308' title='bbox 697 3792 736 3846; x_wconf 91' lang='lat' dir='ltr'>ut</span> <span class='ocrx_word' id='word_1_309' title='bbox 757 3790 832 3846; x_wconf 90' lang='lat' dir='ltr'>ante</span> <span class='ocrx_word' id='word_1_310' title='bbox 855 3782 978 3846; x_wconf 90' lang='lat' dir='ltr'>dictum</span> <span class='ocrx_word' id='word_1_311' title='bbox 1010 3789 1069 3855; x_wconf 89' lang='lat' dir='ltr'>est,</span> <span class='ocrx_word' id='word_1_312' title='bbox 1099 3790 1132 3844; x_wconf 90' lang='lat' dir='ltr'>et</span> 
     </span>
     <span class='ocr_line' id='line_1_43' title="bbox 97 3865 1132 3953; baseline -0.002 -22"><span class='ocrx_word' id='word_1_313' title='bbox 97 3867 269 3953; x_wconf 77' lang='lat' dir='ltr'>regionum</span> <span class='ocrx_word' id='word_1_314' title='bbox 292 3866 465 3932; x_wconf 79' lang='lat' dir='ltr'>latitttdine</span> <span class='ocrx_word' id='word_1_315' title='bbox 493 3878 527 3933; x_wconf 88' lang='lat' dir='ltr'>et</span> <span class='ocrx_word' id='word_1_316' title='bbox 553 3867 760 3933; x_wconf 89' lang='lat' dir='ltr'>multitudine</span> <span class='ocrx_word' id='word_1_317' title='bbox 787 3867 954 3932; x_wconf 89' lang='lat' dir='ltr'>hominum</span> <span class='ocrx_word' id='word_1_318' title='bbox 983 3865 1045 3929; x_wconf 79' lang='lat' dir='ltr'>lcu</span> <span class='ocrx_word' id='word_1_319' title='bbox 1067 3873 1132 3929; x_wconf 89' lang='lat' dir='ltr'>ter·</span> 
     </span>
    </p>
   </div>
   <div class='ocr_carea' id='block_1_6' title="bbox 0 0 1238 4312">
    <p class='ocr_par' dir='ltr' id='par_1_8' title="bbox 0 0 1238 4312">
     <span class='ocr_line' id='line_1_44' title="bbox 0 0 1238 4312; baseline 0 1"><span class='ocrx_word' id='word_1_320' title='bbox 0 0 1238 4312; x_wconf 95' lang='lat' dir='ltr'> </span> 
     </span>
    </p>
   </div>
  </div>
 </body>
</html>
