2468 4312
140 222 183 289 50
489 241 532 283 na
554 241 657 283 annio
680 239 819 283 amuco

140 373 198 438 ‘ut
220 395 406 458 perpaucae
436 394 478 436 ex
505 373 592 436 omni
621 393 758 436 numero
785 372 893 435 noctis
921 372 1107 436 interventu
1129 371 1175 436 ad

140 468 261 524 terram
282 459 500 542 pervenerint,
524 478 624 540 quum
647 458 688 522 ab
710 456 795 520 hora
823 455 893 520 fere
921 465 1038 540 quarta
1065 478 1174 542 usque

140 544 185 608 ad
207 541 290 607 sotis
313 564 468 607 occasum
491 549 701 627 pugnaretur.

187 629 234 692 16.
280 626 356 706 Quo
379 627 507 714 proelio
530 627 653 691 bellum
675 625 880 690 Venetorum
902 627 1072 709 totiusque
1094 648 1174 691 orae

140 714 319 778 maritimae
341 711 528 776 confectum
550 720 609 775 est.
654 712 740 777 Nam
762 733 862 795 quum
878 713 984 775 omnis
1001 712 1174 797 juventus,

142 819 255 863 omnes
279 798 374 860 etiam
396 797 558 882 gravioris
581 796 707 871 aetatis,
741 796 774 859 in
804 797 924 879 quibus
947 795 1073 878 aliquid
1095 818 1174 860 con·

141 883 205 946 silii
228 890 286 946 aut
308 881 476 967 dignitatis
498 880 568 957 fuit,
596 902 636 944 eo
665 890 896 957 convenerant,
925 881 1015 945 ¹tu1n
1041 882 1175 945 navium

142 967 233 1051 quod
255 967 377 1049 ubique
399 965 508 1030 fuerat
528 967 561 1028 in
583 987 684 1030 unum
705 965 816 1029 locum
837 975 1029 1051 coegerant3
1052 967 1174 1049 quibus

141 1052 273 1115 amissis
295 1052 413 1135 reliqui
434 1072 542 1135 neque
565 1071 632 1133 quo
656 1072 693 1114 se
714 1051 900 1134 reciperent
920 1072 1028 1135 neque
1062 1071 1174 1134 quem·

141 1135 320 1200 admodum
348 1135 474 1221 oppida
502 1133 725 1210 defenderent,
753 1135 948 1199 ²habebant.
996 1135 1113 1218 Itaque
1136 1157 1174 1199 se

142 1242 269 1305 suaque
298 1222 406 1284 omnia
434 1220 567 1284 Caesari
597 1220 803 1284 dediderunt
848 1221 906 1284 ³In
928 1241 1014 1304 quos
1037 1241 1077 1283 eo
1100 1241 1174 1305 gra·

101 1346 105 1355 ·
140 1307 215 1368 vius
239 1305 361 1368 Caesar
394 1304 626 1369 vindicandum
660 1305 783 1380 statuit,
817 1327 883 1390 quo
918 1305 1107 1389 diligentius
1139 1306 1174 1369 in

140 1392 303 1474 reliquum
326 1399 456 1473 tempus
479 1410 500 1452 a
521 1390 670 1454 barbaris
688 1391 746 1474 jus
761 1390 945 1475 legatorum
960 1410 1174 1453 conservare·

141 1475 365 1622 turdlsstaque
388 1475 475 1537 omni
498 1484 615 1539 senatu
637 1483 754 1539 necato
776 1476 925 1560 reliquos
946 1475 1031 1538 ⁴sub
1049 1495 1173 1538 corona

140 1582 205 1624 ven
231 1561 237 1572 '
267 1561 298 1622 't.

188 1647 236 1709 17.
255 1656 259 1661 ’
280 1643 367 1707 Dum
389 1645 473 1708 haec
494 1645 529 1708 in
550 1645 688 1710 Venetis
711 1652 877 1730 geruntur,
907 1642 1050 1723 Quintus
1078 1642 1173 1708 Titu-

140 1730 209 1793 rius
233 1729 376 1794 Sabinus
398 1751 473 1792 eum
494 1730 534 1792 iis
558 1731 673 1814 copiis,
699 1730 803 1813 ¹quas
826 1752 845 1793 a
868 1728 1009 1794 Caesare
1038 1750 1114 1791 acce
1140 1750 1173 1792 e-

140 1823 201 1888 rat,
228 1815 263 1877 in
289 1814 371 1877 fines
400 1814 594 1878 Unellorum
620 1815 778 1912 pervenit.
828 1814 891 1878 His
912 1822 1064 1899 praeerat
1085 1746 1173 1878 Viri-

143 1898 245 1962 dovix
268 1919 306 1961 ac
329 1920 487 1962 summam
508 1900 635 1984 imperii
657 1900 791 1964 tenebat
813 1921 923 1963 earum
936 1899 1079 1961 omnium
1094 1898 1172 1961 civi-

141 1990 253 2058 tatum,
277 2003 361 2066 quae
384 1981 581 2059 defecerant,
604 2005 646 2047 ex
691 1985 789 2047 uibus
811 1983 1010 2047 ²exercitum
1021 2004 1172 2067 magnas·

142 2069 333 2167 quecopias
349 2076 519 2152 coegerat3
543 2005 738 2152 ³atqueffiis
760 2069 875 2153 paucis
898 2066 1015 2131 diebus
1038 2068 1172 2131 Aulerci

140 2151 348 2215 Eburovices
381 2151 584 2236 Lexouiique
618 2162 735 2217 senatu
763 2175 825 2216 suo
858 2152 1041 2226 interfecto,
1079 2151 1173 2236 quod

142 2245 295 2300 auctores
318 2237 397 2300 belli
420 2259 495 2300 esse
517 2239 683 2314 nolebant,
706 2247 821 2322 portas
849 2237 1039 2301 clauserunt
1068 2258 1172 2321 seque

142 2343 216 2385 cum
226 2320 418 2386 Viridovice
429 2322 685 2407 conjunxerunt;
707 2343 890 2408 magnaque
906 2331 1075 2407 praeterea
1089 2321 1172 2385 mul·

140 2406 248 2470 titudo
270 2405 418 2489 undique
440 2429 482 2470 ex
505 2406 614 2471 Gallia
634 2408 839 2492 perditorum
875 2406 1043 2470 hominum
1069 2406 1170 2470 latro·

44 2564 48 2571 ¹
140 2512 283 2574 numque
307 2499 515 2568 convenerat,
538 2513 624 2577 qnos
646 2514 726 2578 spes
748 2491 931 2578 praedandi
959 2490 1170 2576 studiumque

140 2575 647 2662 bellandi⁴abagricu1turaet
672 2577 864 2661 quotidiano
892 2577 1007 2640 labore
1034 2597 1170 2639 revoca·

140 2662 206 2724 bat.
251 2660 393 2725 Sabinus
416 2661 537 2726 idoneo
560 2663 732 2727 ⁵omnibus
757 2664 857 2726 rebus
886 2661 962 2725 loco
992 2662 1109 2725 castris
1133 2683 1170 2724 se

139 2747 281 2820 tenebat,
305 2767 406 2829 quum
429 2746 605 2812 Viridovix
626 2756 742 2811 contra
756 2769 831 2811 eum
842 2746 944 2811 duum
959 2746 1170 2829 initiumspa-

139 2831 186 2893 tio
210 2831 419 2895 consedisset
441 2832 655 2916 quotidieque
677 2832 850 2916 productis
873 2831 978 2916 copiis
1000 2830 1170 2915 pugnandi

139 2924 339 2999 potestatem
360 2914 492 2991 faceret,
515 2925 553 2981 ut
569 2916 639 3002 jam
661 2939 729 2981 non
751 2918 860 2981 solum
880 2915 1035 2980 hostibus
1047 2918 1080 2979 in
1091 2936 1169 2980 con·

138 3001 350 3084 temptionem
373 3002 516 3066 Sabinus
539 3002 675 3077 veniret,
697 3001 758 3065 sed
780 3004 877 3067 etiam
899 3010 1090 3065 nostrorum
1111 3002 1170 3064 mi·

138 3084 232 3148 litum
252 3086 392 3151 vocibus
415 3085 564 3150 nonnihil
585 3098 791 3171 carperetur3
814 3087 1024 3170 ‘tantamque
1042 3087 1169 3170 opinio·

137 3190 212 3232 nem
233 3170 359 3233 timoris
392 3172 552 3257 praebuit,
585 3180 623 3235 ut
649 3172 720 3258 jam
752 3171 797 3237 ed
828 3170 951 3235 vallum
984 3179 1170 3236 castrorum

137 3253 254 3318 hostes
278 3255 436 3319 accedere
458 3254 626 3320 auderent
669 3256 731 3321 ⁸Id
752 3278 792 3320 ea
820 3255 862 3319 de
889 3277 992 3320 causa
1017 3254 1168 3331 faciebat,

139 3339 232 3423 quod
258 3361 331 3403 cum
359 3349 451 3405 tanta
478 3339 687 3405 multitudine
718 3340 873 3416 hostium,
906 3341 1101 3425 praesertim
1127 3362 1168 3405 eo

138 3424 283 3501 absente,
307 3427 363 3508 qui
386 3447 546 3489 summam
566 3425 694 3510 imperii
715 3433 850 3501 teneret,
871 3426 934 3488 nisi
960 3446 1067 3509 aequo
1091 3425 1168 3488 loco

137 3507 216 3606 ’aut
237 3511 485 3658 opportunitate
507 3510 617 3594 aliqua
640 3509 718 3575 data
738 3510 850 3597 legato
864 3509 1084 3575 dimicandum
1099 3531 1168 3574 non

138 3595 286 3657 exrstima
311 3603 353 3658 at.

184 3678 230 3742 18.
275 3678 367 3743 ¹Hac
390 3680 582 3745 confirmata
592 3680 746 3766 opinione
756 3680 883 3744 timone
894 3679 1049 3744 idoneum
1065 3701 1167 3763 quen·

140 3758 214 3823 darn
234 3760 398 3829 hominem
409 3773 443 3830 et
454 3764 610 3829 callidum
621 3764 751 3851 delegit,
775 3765 915 3840 Gallum,
938 3787 980 3827 ex
1001 3765 1063 3838 his,
1079 3784 1166 3847 quos

138 3845 248 3910 auxilii
273 3869 373 3914 causa
401 3871 513 3915 seeum
540 3849 692 3915 habebat
741 3849 828 3915 Huic
854 3850 982 3937 magnis
1010 3850 1166 3933 praemiis
