2468 4312
103 203 163 268 110
451 221 494 263 na
516 220 619 264 nanno
643 218 781 264 eurico

97 355 266 422 fluminum
288 361 406 441 petunt
427 354 701 440 propinquitates,
723 353 861 418 comites
888 351 1133 437 familiaresque

97 443 170 529 ejus
192 450 335 528 angusto
356 441 391 503 in
412 441 489 504 loco
511 439 681 525 paulisper
703 439 849 524 equitum
865 448 1057 503 nostrorum
1069 439 1133 502 vim

97 528 333 593 sustinuerunt
377 524 439 589 His
461 527 684 624 pugnantibus
705 525 799 590 illum
818 525 854 589 in
865 546 987 608 equum
998 523 1133 608 quidam

98 636 140 678 ex
163 613 233 677 suis
254 612 379 688 intulit3
401 608 580 694 fugientem
603 610 707 675 silvae
729 618 890 675 texerunt.
935 610 1013 674 ⁸Sic
1036 608 1133 674 etad

99 697 309 847 aupeundum
331 691 515 783 periculum
537 704 571 761 et
592 695 635 760 ad
658 694 828 762 vitandum
850 695 988 761 multum
999 693 1134 760 fortuna

100 805 142 850 va
155 783 212 848 uit
785 815 788 820 ·

143 870 194 933 31.
238 867 432 932 ¹Ambiorix
450 866 833 952 copiaseuasjudicione
844 888 912 931 non
926 864 1134 939 conduxerit,

99 953 191 1039 quod
213 953 341 1038 proelio
366 951 583 1016 dimicandum
607 964 677 1016 non‘
686 952 888 1028 existimarit,
910 953 974 1017 ²an
984 960 1134 1036 tempore

99 1039 257 1104 exclusus
274 1047 309 1103 et
325 1039 497 1123 repentino
510 1039 656 1122 equitum
667 1037 813 1103 adventu
824 1037 1021 1124 prohibitus,
1033 1056 1135 1120 quum

98 1126 160 1188 reli
185 1146 263 1188 uum
296 1124 476 1188 exercitum
509 1125 670 1208 subsequi
702 1122 869 1199 crederet‚'
902 1122 1040 1187 dubium
1074 1128 1134 1185 est.

100 1147 190 1274 ³de
212 1217 302 1273 certe
324 1209 469 1273 dimissis
492 1230 552 1293 per
580 1230 679 1295 agros
712 1209 840 1273 nunciis
874 1208 937 1273 sibi
970 1227 1135 1292 quemque

101 1296 274 1359 consulere
293 1294 405 1380 jussit
451 1293 601 1372 Quorum
622 1315 701 1379 pars
723 1295 757 1358 in
779 1293 989 1359 Arduennam
1008 1293 1135 1367 silvam,

100 1402 179 1466 pars
203 1381 238 1443 in
254 1380 460 1444 continentes
472 1379 614 1463 paludes
625 1379 789 1466 profugit3
807 1381 864 1464 qui
875 1379 1018 1464 proximi
1031 1376 1136 1442 Ocea·

101 1487 145 1531 no
167 1465 308 1541 fuerunt,
330 1465 365 1528 hi
386 1464 504 1529 insulis
527 1487 603 1529 sese
621 1466 878 1540 occultaverunt
901 1465 1007 1549 ⁴quas
1020 1475 1135 1529 aestus

102 1550 232 1616 efficere
254 1560 469 1623 consuerunt3
493 1550 586 1614 multi
610 1572 651 1613 cx
681 1551 750 1614 suis
784 1551 905 1616 finibus
939 1549 1066 1635 egressi
1098 1569 1136 1613 se

102 1657 229 1720 suaque
252 1637 360 1699 omnia
370 1636 578 1699 alienissimis
591 1635 811 1699 crediderunt.
840 1634 1053 1710 Catuvolcue
1076 1654 1136 1696 rex

102 1721 255 1786 dimidiae
277 1721 382 1806 partis
405 1719 606 1801 Eburonum,
620 1722 675 1804 qui
687 1742 752 1784 uua
764 1743 838 1784 cum
856 1720 1047 1805 Ambiorige
1058 1740 1136 1782 con·

102 1808 210 1871 silium
232 1807 356 1881 inierat,
379 1814 487 1869 aetate
504 1806 575 1889 jam
597 1805 768 1870 confectus
787 1822 887 1890 quum
900 1806 1046 1869 laborem
1057 1803 1138 1870 belli

102 1901 159 1957 aut
181 1890 279 1975 fugae
300 1889 388 1954 ferre
410 1913 476 1954 non
499 1899 626 1974 posset,
655 1891 827 1954 ⁵omnibus
855 1891 1011 1975 precibus
1046 1888 1137 1953 dete·

103 1985 211 2040 status
234 1975 465 2060 Ambiorigem,
488 1977 545 2060 qui
557 1977 628 2060 ejus
641 1977 769 2040 consilii
781 1984 898 2040 auctor
908 1975 1036 2051 finisset
1048 1989 1138 2049 taxo,

103 2061 198 2148 cujus
220 2080 338 2145 magna
359 2060 393 2123 in
416 2059 524 2124 Gallia
546 2061 786 2145 Germaniaque
808 2063 905 2147 copia
928 2069 988 2142 est,
1012 2080 1138 2124 seexa·

105 2147 249 2210 nimavit.

147 2232 198 2296 32.
243 2230 343 2317 Segni
366 2229 600 2315 Condrusique
622 2233 684 2295 ¹ex
707 2240 804 2318 gente
827 2240 861 2295 et
890 2252 1028 2295 numero
1058 2229 1139 2294 Ger·

103 2338 282 2397 manorum,
306 2317 362 2401 qui
384 2324 464 2380 sunt
483 2317 569 2380 inter
589 2317 765 2381 Eburones
787 2316 1022 2402 Trevirosque‚
1051 2316 1140 2402 lega·

104 2411 159 2466 tos
183 2403 226 2466 ad
249 2401 423 2467 Caesarem
445 2402 605 2466 miserunt
624 2411 761 2483 oratum,
784 2425 824 2465 ne
843 2424 876 2466 se
896 2401 1071 2466 intertium
1081 2424 1139 2464 aa·

103 2510 187 2552 mmo
208 2488 330 2552 deterret
348 2510 422 2551 aeoe
443 2489 579 2552 omnium
602 2488 837 2563 Germanorum
890 2490 914 2550 ιε’
935 2498 1030 2552 emeat
1062 2488 1141 2550 eitra

104 2573 254 2653 Rhenum,
276 2596 373 2636 coam
395 2595 458 2636 esee
479 2595 605 2637 eausam
618 2574 792 2656 jttdiearet:
819 2575 855 2636 ai
874 2573 901 2636 il
928 2596 962 2637 ee
993 2572 1031 2636 de
1064 2572 1140 2636 bello

106 2661 258 2742 aequasse,
282 2659 370 2721 nulla
390 2658 565 2742 Ambioripi
586 2660 709 2723 otacilio
730 2660 854 2722 barbae.
879 2657 1002 2721 Caesar
1025 2657 1140 2740 explo-

106 2752 179 2809 rata
199 2765 236 2806 re
259 2744 453 2830 quaestione
476 2744 690 2826 captivorum,
713 2745 762 2808 ²si
785 2745 842 2829 qui
861 2742 909 2807 ad
931 2764 991 2806 eos
1009 2742 1141 2806 Eburo·

106 2850 165 2894 nes
189 2826 332 2926 exsuge
354 2829 597 2903 convenissent
620 2828 663 2892 ad
685 2851 723 2892 se
744 2836 782 2893 ut
803 2827 1049 2902 reducerentur,
1083 2827 1142 2888 im·

106 2914 248 3000 paravit:
272 2935 301 2976 si
323 2914 368 2977 ita
389 2911 560 2987 fecissent,
582 2913 664 2976 lines
688 2935 802 2977 eorum
825 2934 862 2977 se
875 2913 1074 2978 violatorum
1085 2932 1142 2974 ne·

107 2999 206 3085 gavit.
250 2997 337 3062 Tum
359 3019 399 3062 oo
424 2998 465 3062 iis
487 2999 521 3061 in
542 3007 611 3062 tres
658 3008 746 3062 artes
780 2998 967 3062 distributis
1004 2995 1142 3081 impedi·

106 3091 217 3150 menta
239 3085 381 3148 omnium
401 3021 569 3169 ibgionum
591 3083 621 3147 A
647 3091 799 3147 uatucam
821 3082 968 3147 contulit.
1013 3082 1054 3146 ld
1088 3102 1141 3145 ca·

27 3234 29 3238 .
108 3168 196 3234 stelli
217 3190 337 3233 nomen
359 3178 419 3232 est.
465 3167 540 3231 Hoc
560 3166 630 3232 fere
653 3176 705 3232 est
731 3170 765 3232 in
797 3167 914 3232 mediis
947 3165 1142 3232 Eburonum

108 3255 239 3327 finibus,
260 3254 318 3317 ubi
335 3252 484 3318 Titurius
496 3261 596 3336 etque
608 3253 852 3340 Aurunculeius
865 3251 1030 3316 hiemandi
1041 3271 1145 3315 causa

108 3339 337 3405 consederant.
382 3337 500 3400 ³Hun0
523 3359 623 3421 quum
645 3339 782 3438 reliquis
790 3323 905 3403 ‘'rebus
927 3337 1036 3401 locum
1065 3357 1144 3422 pro·

108 3427 212 3500 barat
235 3433 303 3487 tum
327 3422 421 3508 quod
443 3423 627 3507 superioris
654 3444 729 3486 anm
766 3424 963 3488 munitiones
996 3424 1144 3508 integrae

108 3510 291 3590 manebant,
314 3521 352 3572 ut
373 3508 511 3571 militum
544 3507 693 3572 laborem
726 3509 939 3573 sublevaret
968 3505 1143 3571 Praesidio

109 3594 350 3678 impedimentis
373 3593 535 3678 legionem
558 3594 868 3675 quartamdecimam
890 3593 1032 3741 reliquit,
1043 3606 1145 3658 unam

110 3701 154 3744 ex
175 3678 228 3741 his
250 3679 365 3753 tribue,
389 3699 472 3762 quas
494 3678 646 3761 proxime
667 3679 796 3742 conseri
823 3689 874 3741 tas
897 3699 941 3741 ex
978 3677 1057 3741 talia
1078 3689 1145 3740 tra·

110 3763 260 3828 duxerat.
281 3763 322 3826 Ei
345 3763 466 3849 legioni
488 3762 673 3844 castrisque
701 3760 740 3840 Q.
805 3763 920 3826 ullium
954 3761 1146 3828 Ciceronem

110 3847 262 3935 praeficit
284 3847 513 3932 ducentosque
537 3848 665 3932 equites
688 3847 846 3912 attribuit.
