2468 4312
382 232 387 241 “
468 252 529 295 nra
552 251 596 294 iv.
618 252 688 295 car.
714 229 804 295 1-5.
1092 231 1133 295 57

99 391 201 470 atque
223 383 355 456 florens,
377 385 436 449 *ut
457 392 510 448 est
531 391 649 469 captus
673 382 918 456 Germanorum,
947 384 1001 448 ⁵et
1023 383 1133 468 paulo,

99 491 199 554 quam
221 479 300 534 sunt
331 468 481 555 ejusdem
512 471 642 554 generis
676 468 886 541 ceteri-sunt
913 467 1135 545 humaniores,

99 563 279 640 propterea
299 553 393 638 quod
414 554 565 619 Rhenum
597 554 762 639 attingunt
783 553 986 637 multumque
1010 554 1052 618 ad
1075 575 1134 619 eos

99 649 301 704 mercatores
324 640 493 712 ventitant,
522 638 576 703 ⁶et
603 640 667 722 ipsi
696 647 835 722 propter
856 639 1136 723 propinquitatem

102 723 240 789 Gallicis
275 733 353 788 sunt
384 725 531 788 moribus
560 723 747 787 assuefacti.
793 723 886 787 ⁷Hos
910 746 1010 806 quum
1033 723 1135 788 Suevi

100 810 214 873 multis
237 831 337 894 saepe
360 810 457 873 bellis
480 809 608 893 experti
629 818 767 893 propter
792 808 1040 892 amplitudinem
1061 829 1136 894 gra·

101 895 302 978 vitatemque
324 894 467 959 civitatis
489 895 610 958 finibus
640 893 806 978 expellere
839 915 906 957 non
938 896 1137 978 potuissent,

101 988 211 1043 tamen
232 979 411 1064 vectigales
433 980 496 1043 sibi
519 978 667 1043 fecerunt
688 999 728 1042 ac
749 979 853 1041 multo
876 977 1067 1042 humiliores
1088 979 1137 1045 in·

101 1064 329 1148 firmioresque
350 1063 557 1149 redegerunt

145 1150 176 1214 4.
221 1149 279 1213 1Ιιι
302 1148 418 1212 eadem
439 1170 540 1213 (rausa
562 1148 697 1213 fuerunt
722 1147 877 1234 Usipetes
907 1156 940 1212 et
972 1147 1136 1223 Tencteri,

103 1254 190 1318 quos
213 1255 315 1318 supra
337 1233 489 1304 diximus,
519 1234 575 1317 qui
602 1234 789 1318 complures
818 1255 922 1298 annos
951 1234 1137 1298 Suevorum

102 1319 170 1383 vim
191 1321 433 1392 sustinueruntr
466 1317 510 1382 ad
543 1331 724 1383 extremum
758 1331 867 1382 tamen
894 1320 982 1404 agris
1005 1343 1048 1382 ex
1071 1319 1137 1384 ulsi

104 1411 138 1468 et
159 1404 270 1467 multis
304 1403 388 1467 locis
422 1402 616 1468 Germaniae
650 1405 823 1468 triennium
851 1405 960 1489 vagati
983 1405 1027 1468 ad
1104 1426 1138 1470 e·

103 1511 181 1553 num
204 1496 433 1574 pervenerunt,
466 1489 570 1572 ²quas
600 1490 750 1573 regiones
779 1489 923 1573 Menapii
950 1489 1139 1554 incolebant

103 1573 204 1637 etad
226 1583 399 1657 utramque
420 1574 526 1656 ripam
547 1571 688 1637 fluminis
711 1595 820 1659 agros,
852 1573 1001 1637 aedilicia
1030 1575 1139 1638 vicos·

104 1679 169 1741 que
191 1658 374 1732 habebant3
397 1658 458 1723 sed
480 1666 590 1723 tantae
612 1659 829 1722 multitudinis
860 1658 950 1721 aditu
973 1657 1138 1742 perterriti

105 1765 148 1806 ex
169 1743 222 1806 his
246 1743 412 1818 aedificiis,
436 1765 520 1828 quae
531 1752 623 1807 trans
635 1743 755 1807 tlumeu
770 1744 961 1817 habuerant
978 1743 1139 1828 demigra-

105 1837 225 1892 verunt
247 1837 280 1892 et
302 1829 350 1892 cis
373 1827 524 1892 Rhenum
547 1828 720 1912 dispositis
746 1827 920 1912 praesidiis
956 1827 1138 1892 Germanos

105 1913 245 1977 transire
267 1913 496 1996 prohibebant
539 1913 591 1976 llli
613 1914 722 1976 omnia
743 1914 879 1998 experti
902 1935 1004 1998 quum
1032 1934 1140 1997 neque

106 1998 160 2060 ³vi
183 1998 383 2062 contendere
416 2006 554 2082 propter
586 1999 640 2061 ino
666 2000 729 2062 iam
762 2000 892 2062 navium
925 2022 1032 2082 neque
1055 1999 1140 2062 clam

106 2083 247 2146 transire
280 2092 418 2167 propter
450 2083 620 2147 custodias
641 2021 874 2168 lllenapiorum
897 2093 1046 2168 possent,
1068 2085 1140 2148 ⁴re·

108 2168 191 2231 verti
225 2190 262 2232 se
294 2168 326 2231 in
361 2189 440 2232 suas
474 2168 573 2231 sedes
607 2170 826 2252 regionesque
848 2170 1086 2233 simulaverunt
1107 2178 1142 2232 et

108 2252 209 2316 tridui
231 2254 318 2316 viam
339 2254 509 2338 progressi
532 2274 647 2316 rursus
681 2264 887 2317 reverterunt
919 2263 1019 2337 atque
1052 2253 1141 2317 omni

109 2337 174 2401 hoc
195 2337 311 2401 itinere
332 2358 399 2401 una
420 2347 518 2401 nocte
534 2339 680 2421 equitatu
695 2337 847 2402 confecto
871 2339 1013 2401 ⁵inscios
1035 2337 1141 2421 inopi·

107 2430 292 2506 nantesque
316 2422 490 2506 Menapios
514 2432 761 2506 oppresserunt.
778 2424 833 2506 qui
848 2423 892 2486 de
904 2422 1141 2487 Germanorum

109 2507 261 2571 discessu
294 2529 354 2592 per
386 2508 615 2591 exploratores
649 2509 807 2572 certiores
840 2507 917 2571 facti
951 2509 1021 2572 sine
1052 2516 1142 2571 metu

108 2599 201 2656 trans
222 2591 374 2656 Rhenum
406 2593 439 2655 in
473 2614 554 2655 suos
580 2593 673 2655 vicos
701 2594 965 2676 remigraverant.
1010 2593 1072 2656 His
1095 2593 1142 2656 in·

108 2676 254 2741 terfectis
279 2678 494 2760 navibusque
527 2698 640 2740 eorum
674 2678 855 2760 occupatis,
888 2679 1079 2761 priusquam
1103 2697 1143 2741 ea

108 2783 187 2847 pars
210 2762 447 2845 Menapiorum,
477 2784 561 2846 quae
590 2763 672 2825 citra
698 2762 851 2826 Rhenum
881 2764 991 2844 quieta
1016 2762 1142 2825 insuia

110 2846 247 2911 sedibus
271 2855 350 2921 crat,
373 2846 513 2911 ⁰certior
540 2847 642 2916 fieret
671 2846 789 2910 llumen
818 2849 1017 2911 hausierunt
1043 2856 1142 2929 atque

110 2932 262 2995 omnibus
285 2953 399 2995 eorum
427 2931 584 2996 aediliciis
618 2933 789 3016 occupatis
822 2933 982 3016 rehquam
1015 2941 1142 3016 partem

108 3017 224 3081 hiemis
248 3039 284 3079 se
307 3038 420 3080 eorum
443 3018 548 3101 copiis
571 3017 729 3080 aluerunt.

152 3103 181 3165 5.
226 3101 288 3165 His
312 3101 477 3166 derebus
501 3101 622 3165 Cacsar
645 3104 766 3165 certior
791 3100 899 3166 factus
923 3110 957 3165 et
978 3101 1142 3165 infirmita·

108 3195 175 3251 tem
198 3184 369 3251 Gallorum
392 3188 526 3258 veritus,
559 3186 652 3270 quod
679 3198 757 3251 sunt
783 3188 817 3250 in
840 3188 986 3250 consiliis
1013 3187 1142 3270 eapien-

109 3271 162 3335 dis
185 3271 323 3335 mobiles
348 3281 381 3334 et
403 3273 498 3335 novis
522 3273 716 3369 plerumque
743 3274 844 3337 rebus
867 3272 1012 3345 student,
1042 3269 1142 3333 lnihil

108 3356 161 3420 his
184 3356 451 3420 committendum
486 3358 693 3420 existimavit
738 3357 823 3421 ²Est
845 3358 929 3420 enim
951 3357 1017 3418 hcc
1040 3353 1142 3418 Galli·

109 3462 167 3505 cae
189 3441 449 3517 consuetudinis,
472 3443 520 3505 uti
543 3451 576 3505 et
601 3442 745 3505 viatores
779 3443 875 3505 etiam
908 3441 1029 3504 invitos
1064 3461 1142 3503 con·

109 3527 227 3591 sistere
250 3536 372 3612 cogant
394 3536 435 3602 et,
458 3525 572 3611 ³quod
594 3527 735 3610 quisque
757 3547 871 3591 eorum
893 3525 936 3588 de
960 3545 1091 3608 quaque
1105 3545 1142 3588 re

108 3610 250 3675 audierit
282 3620 340 3675 aut
372 3614 573 3697 cognoverit,
610 3620 778 3696 quaerant,
812 3620 845 3674 et
876 3619 1076 3673 mercatores
1109 3609 1142 3673 in

109 3695 243 3781 oppidis
265 3697 387 3782 vulgus
410 3698 637 3771 circumsistat,
666 3697 853 3780 quibusque
882 3717 923 3758 ex
951 3694 1142 3778 regionibus

108 3781 242 3844 veniant
264 3803 414 3865 quasque
435 3783 480 3847 ibi
502 3804 555 3846 res
579 3781 803 3866 cognoverint.
835 3781 1054 3865 pronunciare
1087 3801 1143 3844 co·

108 3875 198 3952 gant
241 3866 324 3933 ⁴His
346 3869 446 3933 rebus
469 3875 570 3952 atque
592 3865 815 3931 auditionibus
837 3866 978 3953 permoti
1001 3865 1043 3931 de
1056 3887 1142 3932 sum·
