2468 4312
112 228 173 294 102
463 251 506 293 na
528 250 631 294 sarno
654 251 793 294 ontmco

109 387 173 449 bns
197 392 231 448 et
253 405 329 468 quo,
343 382 494 448 differant
516 384 579 448 hae
607 385 757 448 nationes
791 382 876 446 inter
909 403 985 446 sese
1020 401 1146 466 propo·

109 491 196 535 uere.
240 470 277 533 In
302 469 409 533 Gallia
431 491 497 533 non
520 472 628 534 solum
649 471 683 533 in
706 468 858 532 omnibus
882 467 1070 531 civitatibus
1094 477 1146 530 at-

111 556 231 639 quein
254 556 406 618 omnibus
429 555 523 640 pagis
548 557 778 639 partibusque,
807 551 890 616 ²sed
919 573 1023 636 paene
1046 552 1145 617 etiam

110 641 251 726 singulis
274 639 428 704 domibus
450 639 614 704 factiones
637 649 722 713 sunt,
745 641 942 722 'earumque
964 636 1145 702 factionum

110 727 277 810 principes
300 733 379 789 sunt
401 726 456 809 qui
480 747 638 789 summam
660 726 889 790 auctoritatem
912 743 1025 787 eorum
1053 723 1146 808 judi·

111 813 162 874 cio
185 811 308 875 habere
337 810 573 886 existimantur,
606 833 746 895 quorum
779 809 823 875 ad
856 809 1025 875 arbitrium
1053 809 1146 895 judi·

110 897 262 980 ciumque
285 917 411 959 summa
433 898 576 960 omnium
598 918 707 960 rerum
729 896 1008 979 consiliorumque
1019 894 1145 960 redeat

110 982 228 1066 Itaque
262 981 333 1065 ejus
367 982 414 1045 rei
447 1002 548 1046 causa
580 982 760 1065 antiquitus
793 981 980 1045 institutum
1002 978 1145 1055 videtur,

110 1069 171 1130 ⁴ne
194 1067 269 1152 quis
293 1088 334 1129 ex
362 1067 460 1151 plebe
488 1078 603 1131 contra
631 1068 850 1152 potentiorem
878 1065 990 1130 auxilii
1018 1075 1146 1151 egeret:

111 1153 213 1216 ⁵suos
237 1153 321 1215 enim
345 1153 486 1236 quisque
509 1154 648 1237 opprimi
671 1161 705 1216 et
727 1152 952 1216 circumveniri
975 1172 1043 1215 non
1059 1152 1146 1238 pati·

110 1245 173 1311 tur,
196 1259 311 1320 neque,
334 1238 429 1301 aliter
451 1239 479 1300 si
501 1237 608 1314 faciat,
631 1238 732 1301 ullam
753 1239 837 1301 iuter
859 1259 941 1301 suos
964 1237 1065 1301 habet
1087 1258 1146 1302 an·

112 1324 305 1387 ctoritatem.
350 1322 462 1386 “Haec
486 1323 600 1386 eadem
632 1324 718 1387 ratio
740 1323 847 1387 estin
880 1343 1007 1386 summa
1039 1323 1146 1386 totius

113 1406 254 1471 Galliae:
292 1429 432 1491 namque
469 1429 583 1471 omnes
621 1409 770 1471 civitates
803 1409 837 1472 iu
868 1416 983 1492 partes
1016 1407 1146 1472 divisae

111 1500 190 1557 sunt
213 1493 305 1556 duas.

158 1578 206 1642 12.
250 1578 359 1657 Quum
382 1577 505 1642 Caesar
526 1579 559 1641 in
582 1577 723 1642 Galliam
744 1579 842 1653 venit,
870 1577 1005 1642 alterius
1027 1575 1146 1642 factio·

111 1663 162 1726 uis
195 1664 362 1748 principes
396 1673 489 1727 erant·
521 1663 667 1736 Haedui,
702 1663 856 1729 ¹alterius
890 1662 1044 1747 Sequani.
1100 1662 1146 1726 Hi

112 1769 214 1832 quum
236 1769 296 1832 per
319 1749 484 1812 seminus
507 1749 663 1824 valerent,
687 1749 780 1832 quod
808 1769 935 1811 summa
963 1748 1145 1812 auctoritas

110 1834 292 1916 antiquitus
325 1841 397 1897 erat
427 1835 461 1896 in
495 1833 643 1898 Haeduis
677 1855 879 1920 magnaeque
915 1855 1029 1897 eorum
1052 1842 1148 1898 erant

111 1918 289 1991 clientelae,
324 1917 506 1983 Germanos
540 1929 639 2003 atque
672 1919 875 1984 Ariovistum
898 1920 960 1982 sibi
984 1919 1146 2006 adjunxe-

111 2012 185 2066 rant
209 2023 334 2086 eosque
357 2002 401 2066 ad
434 2025 471 2067 se
503 2005 629 2091 magnis
658 2004 799 2089 jacturis
832 2005 1146 2088 pollicitationibus·

113 2110 177 2171 quc
211 2088 443 2172 perduxerant.
497 2089 637 2153 Proeliis
670 2111 751 2153 vero
787 2090 1013 2174 compluribus
1046 2088 1144 2154 factis

113 2173 268 2238 secundis
292 2183 392 2258 atque
414 2175 501 2237 omni
529 2175 701 2238 nobilitate
730 2174 944 2240 Haeduorum
971 2174 1146 2238 interfecta

112 2268 238 2322 tantum
276 2259 423 2343 potentia
460 2267 719 2335 antecesserant,
756 2270 794 2323 ut
830 2281 979 2344 magnam
1016 2270 1146 2344 partem

113 2344 278 2408 clientium
311 2344 353 2407 ab
386 2344 536 2408 Haeduis
558 2344 603 2409 ad
630 2367 667 2408 se
696 2344 907 2409 traducerent
939 2345 1146 2430 obsidesque

113 2431 155 2493 ab
188 2431 228 2492 iis
262 2430 446 2514 principum
479 2430 566 2494 filios
600 2431 786 2514 acciperent
814 2439 848 2493 et
869 2430 1002 2514 publice
1029 2430 1145 2514 jurare

113 2523 276 2599 cogerent,
300 2514 380 2579 nihil
403 2537 440 2578 se
473 2524 590 2578 contra
621 2516 796 2599 Sequanos
834 2515 961 2578 consilii
993 2515 1145 2591 inituros

112 2599 167 2662 ²et
188 2609 315 2682 partem
337 2598 463 2662 finitimi
485 2601 554 2685 agri
576 2622 637 2685 per
664 2601 730 2664 vim
763 2608 957 2684 occupatam
990 2599 1146 2684 posside·

112 2692 186 2746 rent
210 2683 402 2767 Galliaeque
431 2687 534 2748 totius
563 2685 781 2770 principatum
810 2685 1004 2748 obtinerent.
1050 2684 1146 2764 'Qua

111 2769 311 2831 necessitate
334 2769 499 2833 adductus
523 2770 705 2834 Divitiacus
734 2770 846 2834 auxilii
874 2770 1010 2854 petendi
1043 2792 1145 2834 eausa

111 2852 250 2916 Romam
274 2852 318 2916 ad
340 2864 489 2917 senatum
511 2855 682 2939 profectus
704 2854 896 2939 imperfecta
922 2875 960 2918 re
992 2854 1145 2919 redierat.

111 2937 289 3001 ⁴Adventu
312 2937 464 3002 Caesaris
487 2938 574 3004 sacta
595 2941 851 3004 commutatione
878 2960 986 3002 rerum
1019 2939 1146 3004 obsidi-

112 3023 176 3086 bus
210 3022 359 3086 Haeduis
392 3024 541 3100 redditis,
574 3026 743 3089 veteribus
779 3023 940 3088 clientelis
972 3025 1145 3099 restitutis

112 3107 208 3171 novis
232 3129 292 3191 per
321 3107 495 3173 Caesarem
522 3111 731 3195 comparatis,
761 3109 852 3193 quod
878 3109 922 3184 hi,
951 3111 1006 3193 qui
1035 3130 1072 3172 se
1101 3109 1145 3173 ad

114 3213 227 3256 corum
250 3193 421 3257 amicitiam
444 3203 710 3281 aggregaverant,
733 3194 868 3258 meliore
891 3193 1079 3257 conditione
1096 3204 1146 3258 at

112 3299 177 3361 que
200 3280 355 3361 aequiore
376 3280 513 3363 imperio
536 3301 574 3343 se
595 3280 643 3344 uti
677 3278 842 3354 videbent,
873 3279 1011 3363 reliquis
1043 3280 1145 3342 rebus

113 3384 226 3426 eorum
289 3365 355 3427 atia
376 3364 600 3450 dignitateque
622 3364 820 3449 amplificata
848 3363 992 3447 Sequani
1026 3365 1145 3447 princi-

111 3457 224 3531 patum
272 3449 446 3512 imiserant
498 3449 536 3512 ln
558 3470 672 3512 eorum
704 3449 814 3512 locum
847 3448 940 3512 Remi
974 3470 1146 3512 successe·

112 3543 201 3604 rant3
234 3533 340 3615 ⁵quos
399 3534 468 3598 uod
490 3534 677 3617 adaequare
709 3532 800 3617 apud
833 3533 1006 3597 Caesarem
1039 3535 1146 3618 gratia

107 3616 364 3701 intelligebatur,
376 3555 430 3693 (bi,
453 3619 509 3701 qui
531 3628 671 3717 propter
692 3626 823 3681 veteres
845 3618 1028 3681 inimicitias
1050 3617 1145 3680 nullo

112 3701 214 3764 modo
248 3723 321 3764 cum
355 3701 503 3766 Haeduis
532 3703 688 3802 conjungi
710 3710 872 3802 poterant,
895 3702 953 3765 “se
976 3702 1088 3765 Remis
1111 3703 1146 3766 in

112 3786 295 3849 clientelam
319 3786 481 3851 dicabant.
526 3787 600 3852 Hos
621 3788 670 3851 illr
693 3787 866 3874 diligenter
886 3788 1072 3851 tuebantur.
1094 3787 1146 3850 Ita

112 3883 146 3934 et
168 3891 287 3935 novam
310 3882 343 3937 et
363 3879 500 3958 repente
522 3872 696 3937 collectam
723 3873 952 3937 auctoritatem
979 3874 1145 3937 tenebant
