2468 4312
458 232 519 275 sm.
541 232 572 274 v.
618 231 686 274 csr.
709 208 802 274 6-9.
1059 192 1063 197 ’
1089 212 1129 276 75

105 364 288 451 praesentis
309 363 480 449 imperium
500 363 710 450 neglexisset.
756 362 836 428 ⁸Ille
856 363 940 429 enirn
952 375 1128 433 revocatus

104 451 259 514 resistere
281 472 321 514 ac
342 473 378 515 se
400 473 498 515 manu
520 449 698 514 defendere
720 471 920 534 suorumque
953 451 1049 515 fidem
1072 455 1130 517 im·

104 537 236 621 plorare
258 536 376 621 eoepit,
409 557 510 622 saepe
542 536 720 603 clamitans.
753 536 882 600 liber-mn
905 560 938 600 ee
959 537 1131 627 liberaeque

103 646 166 686 esee
187 623 325 687 σιίιίέαέιζι.
367 622 429 696 Illi,
451 629 488 687 nt
509 631 581 686 crat
601 622 803 706 imperatum
826 623 1070 688 circumsistunt
1080 636 1129 690 ut·

104 729 169 793 que
191 707 356 773 hominem
376 708 586 772 interficiunt:
619 717 654 771 at
679 708 807 793 equites
828 707 961 773 Haedui
983 708 1027 774 ad
1049 709 1129 775 Cae·

103 815 212 857 sarem
233 816 347 858 omnes
369 801 587 858 revertuntur.
1112 802 1115 808 '

145 879 176 944 8.
219 880 282 944 His
304 881 404 943 rebus
426 879 530 966 gestis
551 878 697 944 Labieno
719 878 753 943 iu
774 879 952 944 continenti
977 903 1050 945 cum
1072 881 1128 947 tri.-

102 964 167 1029 bns
190 965 374 1050 legionibus
397 974 431 1029 et
452 967 597 1050 equitum
619 965 754 1029 milibus.
777 965 910 1031 duobus
937 966 1063 1042 relicto,
1091 976 1129 1032 ut

102 1058 221 1135 portus
243 1059 390 1116 tueretur
412 1060 445 1115 et
465 1052 513 1116 rei
537 1050 765 1115 frumentariae
796 1051 996 1137 provideret,
1029 1074 1128 1137 quac·

104 1136 332 1220 queinGallia
353 1146 552 1222 gererentur,
573 1147 790 1223 cognosceret
812 1138 1049 1222 consiliumque
1064 1160 1128 1224 pro

102 1230 252 1307 tempore
274 1231 308 1286 et
329 1245 391 1307 pro
413 1245 450 1286 re
471 1231 612 1308 caperet,
634 1223 706 1308 ipse
727 1245 802 1286 cum
827 1223 970 1307 quinque
994 1224 1127 1311 legioni·

102 1308 167 1372 bus
187 1318 223 1374 ,et
244 1309 315 1393 pari
337 1330 472 1372 numero
484 1310 638 1393 equitum,
660 1309 778 1393 ²quem
798 1309 831 1373 in
853 1309 1031 1374 continenti
1053 1310 1128 1374 reli·

104 1403 229 1478 querat,
251 1394 295 1458 ad
317 1394 399 1458 solis
433 1416 587 1460 oceasum
618 1416 721 1459 naves
749 1394 851 1461 solvit
873 1403 906 1458 et
927 1395 993 1459 leni
1013 1394 1126 1460 Africo

102 1488 283 1564 provectus
305 1479 412 1544 media
434 1480 562 1544 circiter
593 1489 690 1545 nocte
723 1489 822 1544 vento
843 1479 1030 1545 intermisso
1054 1503 1126 1546 cur·

104 1587 177 1629 sum
199 1587 264 1629 non
287 1567 392 1630 tenuit
413 1575 447 1630 et
467 1566 597 1652 longius
620 1565 750 1632 delatus
773 1573 867 1630 aestu
889 1566 1048 1631 ortaluce
1063 1568 1125 1631 sub

103 1651 237 1715 sinistra
257 1651 457 1716 Britanniam
483 1652 629 1716 relictam
656 1651 838 1736 conspexit.
881 1651 986 1715 3Τιιιιι
1009 1674 1126 1716 rursus

103 1753 216 1801 aestus
239 1738 524 1802 commutationem
545 1747 680 1802 secutus
702 1737 800 1801 remis
812 1737 989 1812 contendit,
1003 1746 1041 1802 ut
1055 1759 1126 1802 eam

102 1832 229 1908 partem
250 1824 378 1887 insulae
400 1830 541 1908 caperet,
574 1845 640 1907 qua
672 1823 830 1908 optimum
858 1844 933 1886 esse
956 1845 1126 1907 egressum

103 1909 273 1992 superiore
305 1919 430 1973 aestate
463 1916 672 1995 cognoverat.
715 1908 810 1988 *Qua
830 1909 864 1974 in
889 1931 926 1973 re
948 1910 1125 1975 admodum

101 1991 165 2058 fuit
186 1995 323 2059 militum
345 1995 448 2058 virtus
471 1994 645 2067 laudanda,
678 1996 734 2078 qui
767 1996 921 2058 vectoriis
953 1995 1126 2081 grauibus·

103 2101 167 2163 que
179 2081 316 2166 navigiis
329 2103 396 2144 non
406 2080 593 2146 intermisso
615 2080 795 2164 remigandi
817 2080 931 2145 lsbore
953 2081 1126 2166 longarum

101 2165 233 2229 navium
254 2188 388 2230 cursum
409 2167 642 2252 adaequarunt.
687 2166 866 2230 Accessum
895 2175 946 2230 est
979 2167 1022 2232 ad
1054 2167 1126 2231 Bri-

102 2252 244 2315 tanniam
267 2253 418 2317 omnibus
439 2253 578 2316 navibus
601 2251 779 2316 meridiano
800 2252 869 2316 fere
884 2263 1046 2338 tempore:
1068 2275 1124 2317 ne-

103 2358 168 2421 que
189 2337 223 2400 in
245 2359 285 2401 eo
307 2337 383 2402 loeo
406 2338 512 2402 hostis
535 2347 587 2401 cst
608 2338 709 2410 risus,
743 2337 813 2411 sed,
841 2347 879 2402 ut
903 2349 1021 2423 postea
1044 2338 1124 2402 Cae-

102 2445 159 2486 sar
180 2445 221 2486 ex
243 2424 381 2509 captivis
404 2425 567 2523 cognovit,
590 2446 690 2509 quum
711 2445 846 2508 mugrrae
868 2445 982 2489 manus
995 2447 1034 2488 eo
1047 2446 1124 2488 eon-

99 2509 278 2584 venissent,
300 2510 505 2574 multitudine
533 2511 663 2576 natium
689 2510 889 2596 perterritae,
917 2509 1023 2592 ⁵quae
1050 2532 1125 2574 cum

100 2596 264 2659 annotinis
288 2596 499 2680 privatisque,
522 2617 605 2680 (luas
628 2597 680 2659 sui
701 2597 842 2680 quisque
853 2595 1016 2659 commodi
1038 2594 1124 2659 fece·

100 2691 161 2754 rat,
183 2681 323 2766 amplius
345 2681 551 2767 octingentae
583 2704 650 2745 uno
684 2691 777 2745 erant
808 2682 900 2744 visae
925 2691 1124 2764 temporeo

100 2766 197 2832 litore
220 2767 441 2831 discesserant
462 2789 501 2831 ac
523 2790 561 2831 se
582 2767 615 2831 in
636 2768 809 2852 superiora
829 2766 904 2831 loca
919 2767 1123 2831 abdiderant

143 2852 173 2920 9.
218 2851 338 2916 Caesar
361 2853 515 2937 exposito
537 2853 682 2918 exercitu
705 2863 738 2917 et
758 2853 834 2916 loco
856 2853 974 2917 castris
1002 2852 1123 2917 idoneo

101 2948 209 3021 capto.
232 2939 287 3003 ubi
311 2961 351 3002 ex
375 2939 513 3023 captivis
536 2939 701 3024 cognovit,
729 2959 796 3089 quo
813 2939 846 3003 in
874 2939 949 3002 loco
978 2938 1123 3003 hostium

101 3024 216 3108 copiae
238 3023 476 3097 consedissent,
500 3024 712 3089 ¹oohortibus
759 3046 846 3088 ecem
870 3025 913 3089 ad
938 3046 1027 3088 mare
1049 3024 1124 3088 reli·

101 3109 163 3172 ctis
175 3125 208 3173 ct
219 3111 384 3194 equitibus
406 3111 570 3183 trecentis,
593 3111 650 3194 qui
670 3110 836 3195 praesidio
848 3111 987 3175 navibus
1002 3119 1124 3185 essent,

100 3195 164 3260 ²de
185 3197 281 3260 tertia
303 3197 412 3282 uigilia
434 3196 477 3260 ad
499 3196 616 3260 hostes
639 3196 815 3271 contendit,
850 3217 889 3259 eo
912 3196 1017 3260 minus
1041 3195 1125 3259 veri·

100 3289 155 3344 tus
179 3283 325 3355 navibus,
348 3281 440 3365 quod
462 3282 495 3345 in
519 3282 614 3345 litore
636 3282 725 3345 molli
748 3291 846 3365 atque
868 3289 984 3366 aperto
1000 3279 1124 3366 deliga·

99 3375 152 3431 tas
174 3367 218 3432 ad
240 3390 392 3432 ancorum
420 3367 633 3452 relinquebat,
661 3379 695 3432 et
720 3366 887 3452 praesidio
914 3367 1054 3431 navibus
1083 3365 1122 3445 Q.

100 3453 228 3517 Atrium
249 3453 413 3539 praefecit.
462 3454 539 3538 lpse
560 3463 662 3517 noctu
694 3473 892 3538 progressus
926 3452 1013 3517 milia
1045 3473 1123 3536 pas·

101 3558 194 3603 suum
217 3540 344 3603 circiter
377 3539 553 3603 duodecim
584 3538 728 3602 hostium
762 3538 874 3621 copias
908 3538 1121 3622 conspicatus

101 3632 160 3688 est.
202 3625 255 3689 Illi
277 3626 423 3709 equitatu
445 3635 544 3709 atque
573 3622 700 3688 essedis
729 3623 771 3687 ad
800 3621 919 3686 llumeu
951 3623 1123 3707 progressi

100 3731 142 3774 ex
163 3710 239 3775 loeo
261 3712 431 3796 superiore
454 3722 588 3775 nostros
611 3708 786 3794 prohibere
808 3716 842 3771 ct
863 3708 1023 3794 proelium
1035 3730 1122 3772 oom-

99 3796 226 3860 mittere
249 3805 437 3882 coeperunt.
480 3796 618 3881 Repulsi
641 3795 682 3857 ab
706 3793 852 3877 equitatu
885 3815 922 3857 sc
954 3794 986 3857 in
1021 3795 1123 3858 silvas

101 3882 307 3958 abdiderunt,
341 3883 449 3947 locum
481 3883 568 3946 nacti
600 3879 730 3966 egregie
758 3888 791 3943 et
819 3888 936 3944 natma
962 3888 995 3945 et
1022 3901 1122 3967 opere
