2468 4312
452 238 514 281 un.
537 237 557 281 1.
603 238 671 281 aar.
695 216 831 281 28-31.
1092 216 1132 282 15

99 372 256 458 locumque
277 370 433 434 domicilio
455 369 512 433 ⁵ea
532 392 649 454 maana
671 372 762 454 capia
784 370 961 470 deliquerit,
986 392 1074 456 quem
1095 393 1133 435 ea

99 458 185 535 amai
223 456 332 521 Gattta
365 457 655 541 opportunissimum
683 479 722 520 ac
739 455 1018 542 fructuosissimum
1044 457 1133 541 judi-

98 552 230 622 cassem,
263 543 456 628 reliquasque
478 542 612 606 ciuitates
633 542 853 626 stipendiarias
874 541 1026 605 habereut.
1070 543 1133 606 Pa·

98 628 236 703 ticiani,
258 629 304 690 uti
324 627 384 691 sibi
405 627 567 690 coacitima
588 629 675 690 totius
699 626 824 691 Gattiue
851 629 885 689 iu
917 627 998 690 dian
1020 640 1134 692 certam

97 713 236 778 indicere
256 711 348 798 idque
370 711 534 777 flCaesaris
562 712 713 776 uoluntate
725 713 836 800 facere
857 713 974 775 liceret:
994 737 1057 776 sese
1077 713 1133 778 ia·

98 799 170 863 bere
191 797 343 884 quasdam
363 821 420 878 res,
458 821 535 885 quas
562 821 600 861 ea
622 801 774 861 communi
796 820 941 861 conserua
963 798 1002 862 ab
1025 821 1059 862 ec
1075 822 1133 883 pe·

96 895 161 948 tere
182 883 296 946 uelleut.
346 881 418 946 7Εει
437 904 475 947 re
497 883 660 968 permissa
688 883 774 947 diem
806 883 945 947 concilio
974 885 1133 947 constitu·

98 976 199 1033 erunt
220 977 254 1031 et
270 967 504 1053 jurejurando,
527 990 568 1032 ne
593 970 667 1052 quis
691 968 893 1043 enunciata,
927 968 990 1031 nisi
1012 969 1133 1052 quibus

98 1053 266 1118 communi
288 1053 427 1117 consilio
450 1053 641 1117 mandatum
663 1061 762 1128 assai
784 1054 868 1116 intur
891 1075 928 1116 sc
944 1061 1133 1118 sanxerunt

143 1139 194 1203 31.
238 1138 291 1202 Eo
314 1139 454 1202 concilio
478 1138 615 1202 dimisso
638 1138 737 1202 iidem
762 1139 926 1222 principes
951 1141 1134 1214 civitatum,

98 1224 179 1309 ¹qui
205 1232 281 1288 ante
303 1222 443 1299 fuerant,
465 1224 508 1288 ad
531 1223 705 1287 Caesarem
727 1231 934 1287 reverterunt
955 1225 1134 1308 petierunt·

99 1331 181 1394 que,
209 1310 258 1372 uti
291 1309 355 1373 sibi
383 1309 534 1373 ²secreto
562 1310 596 1372 in
619 1310 750 1373 occulto
775 1309 817 1372 dc
840 1331 901 1372 sua
924 1311 1134 1392 omniumque

99 1395 209 1460 saluta
243 1415 319 1458 cum
351 1416 391 1458 ao
425 1415 522 1479 agere
545 1394 666 1458 liceret.
716 1394 767 1457 Ea
793 1416 830 1456 rc
862 1397 1036 1478 impetrata
1059 1416 1134 1458 sese

99 1500 215 1544 omnes
237 1478 354 1542 flantes
378 1477 511 1542 Caesari
533 1479 577 1543 ad
598 1480 703 1563 pedes
725 1480 950 1564 projecerunt:
981 1482 1056 1545 Nou
1076 1481 1134 1542 mi·

98 1588 210 1628 ausae
231 1564 266 1628 id
287 1564 483 1628 ³coateuderc
505 1576 534 1628 et
553 1565 704 1645 laborare,
728 1588 766 1628 ue
783 1589 828 1643 ea,
867 1588 945 1650 quac
973 1565 1132 1645 dixissent,

99 1651 351 1731 eauruiareatur,
385 1673 479 1737 quam
499 1653 618 1731 utica,
652 1673 731 1737 quae
762 1650 882 1729 uetleut,
916 1651 1132 1734 impetrareut5

94 1746 264 1824 prepterea
290 1735 428 1821 quodsi
456 1737 651 1799 masciatum
673 1745 751 1816 esset7
788 1758 937 1798 summum
958 1738 993 1797 iu
1015 1738 1135 1799 crucia·

99 1831 165 1884 tum
185 1844 217 1883 se
237 1831 377 1883 uenturos
404 1821 546 1884 uidereut.
591 1821 739 1883 Locutus
763 1828 815 1883 est
836 1842 898 1903 pro
921 1820 974 1882 his
996 1819 1134 1884 Divitia-

101 1926 161 1968 cus
183 1905 361 1968 Haeduus:
387 1904 512 1969 Galliae
533 1909 622 1969 totius
635 1905 790 1990 factiones
811 1929 872 1968 esse
899 1906 994 1969 duas:
1021 1905 1135 1969 iarum

102 1991 227 2055 naeuus
249 1992 464 2075 principatum
492 2003 590 2055 terrere
617 1991 778 2072 Haeduos,
813 1991 938 2054 ulterius
969 1994 1133 2054 Aruernos.

100 2075 148 2140 Hi
172 2098 265 2161 quum
287 2074 463 2159 “tantopere
491 2076 528 2139 de
551 2087 709 2160 poteritata
736 2079 815 2138 iuter
842 2100 873 2138 se
899 2076 1008 2138 multos
1037 2099 1135 2140 anuos

101 2161 326 2240 caateudereut,
350 2161 475 2248 sactum
496 2186 571 2242 esse,
605 2164 650 2225 uti
678 2162 718 2225 ab
744 2163 893 2225 Araeruis
926 2161 1135 2248 Sequanisque

103 2247 256 2310 Germani
286 2246 422 2308 mercede
455 2258 684 2310 arcesserentur.
734 2247 857 2310 Horum
878 2249 985 2331 primo
1015 2249 1135 2310 circiter

99 2331 191 2394 mitia
212 2353 258 2395 xv
282 2331 425 2395 chuum
446 2334 606 2395 transisse:
628 2332 641 2371 ⁷
671 2343 846 2418 osteaquam
861 2354 953 2415 aqros
975 2343 1003 2393 et
1023 2332 1135 2395 cultum

101 2427 130 2481 et
151 2418 257 2500 copias
281 2415 445 2480 Gallorum
472 2417 607 2481 homiues
618 2356 688 2504 spii
710 2440 748 2480 ac
771 2419 900 2481 barbari
923 2418 1133 2497 adamassem,

99 2501 256 2567 adductos
271 2501 396 2585 plures:
417 2525 499 2565 uuae
521 2527 581 2566 esse
602 2505 637 2565 ia
660 2502 768 2566 Gallia
790 2503 834 2566 ad
855 2524 875 2565 a
897 2513 925 2565 ct
945 2523 992 2565 xx
1014 2504 1135 2566 mitium

100 2609 278 2650 ateramum:
301 2585 374 2649 'cum
394 2586 442 2650 Itis
463 2588 610 2651 Haeduos
631 2610 792 2673 eorumque
813 2587 952 2650 ⁸ctieutes
976 2589 1069 2651 semet
1089 2600 1134 2651 at·

100 2695 159 2759 que
180 2674 290 2735 iterum
312 2674 408 2735 armis
430 2674 630 2754 couteadisse;
657 2696 804 2755 maauam
832 2674 1036 2736 calamitatem
1059 2673 1134 2757 petl-

100 2779 150 2820 sos
171 2756 350 2842 ⁹uccepisse,
374 2779 493 2821 ornnem
507 2758 700 2838 nobilitatem,
724 2769 998 2837 omuemseaatum‚
1015 2781 1134 2821 amuem

101 2844 268 2928 equitatum
290 2843 435 2904 amisisse.
482 2843 597 2920 Quibus
612 2844 743 2927 praeliis
765 2844 1049 2930 calamitatibusque
1056 2843 1132 2930 sra-

101 2937 170 3004 ctos,
193 2929 247 3013 qui
268 2937 296 2989 et
315 2950 373 2989 suu
394 2929 502 2990 uirtute
523 2940 550 2990 et
564 2929 678 3012 pepuli
699 2929 836 2992 Romani
859 2928 1022 3012 ¹⁰i0spitio
1045 2939 1135 3014 atque

102 3012 242 3074 amicitia
259 3011 434 3095 plurimam
456 3022 525 3074 aute
546 3015 580 3074 iu
604 3012 712 3075 Gallia
727 3016 910 3097 potuissent,
934 3025 1051 3076 coactos
1073 3036 1135 3076 esse

101 3094 255 3181 Sequanis
277 3096 393 3158 obsides
415 3096 504 3176 dare,
528 3096 729 3160 nobilissimos
753 3100 890 3179 ciuitatis,
913 3109 942 3161 et
952 3102 1133 3180 jurejuran-

101 3179 142 3242 do
165 3180 313 3243 ciuitatem
335 3182 525 3264 obstriaqere,
548 3205 610 3244 sese
631 3204 726 3268 aeque
747 3183 863 3246 obsides
883 3186 1062 3267 repetituros
1082 3206 1133 3245 ae-

100 3287 159 3351 que
181 3266 333 3329 auailium
355 3289 376 3328 a
392 3266 512 3349 popula
533 3268 676 3329 Ramauo
698 3268 917 3351 imploraturos
938 3292 1034 3354 aeque
1047 3290 1133 3331 recu·

99 3360 229 3430 saturos,
253 3372 311 3436 quo
333 3352 436 3413 miuus
452 3363 602 3434 perpetuo
623 3352 678 3415 sub
700 3352 825 3415 illorum
846 3353 1059 3498 ditioueatJue
1076 3355 1132 3415 im-

93 3435 188 3520 peria
211 3445 311 3498 esseut.
361 3435 461 3498 Uurua
482 3459 513 3498 se
535 3459 595 3498 esse
617 3459 654 3499 ca
676 3439 760 3500 oraui
781 3439 900 3500 ciuitate
921 3437 993 3499 Hae
1014 3460 1131 3518 uarum,

120 3521 155 3582 ui
177 3519 292 3582 adduci
313 3543 376 3583 aaa
392 3522 541 3605 potuerit,
564 3531 598 3583 ut
609 3524 735 3603 juraret
755 3533 811 3586 aut
830 3522 941 3584 liberes
962 3545 1031 3584 suos
1054 3523 1133 3585 ohsi-

99 3543 152 3668 ies
174 3603 270 3667 daret.
317 3605 453 3669 obeam
474 3629 539 3668 rem
566 3629 597 3668 se
619 3629 657 3669 ea·
684 3610 802 3670 civitate
824 3605 999 3691 prositquse
1022 3617 1049 3670 et
1068 3608 1132 3670 Ro-

99 3712 185 3753 mam
207 3689 251 3752 ad
271 3701 409 3754 seuatum
430 3693 544 3754 acuisse
566 3692 719 3754 auxilium
734 3692 932 3775 postulatum,
956 3690 1134 3776 quadratus

100 3795 196 3860 aeque
209 3775 416 3856 jurejarando
438 3798 534 3861 aeque
556 3776 709 3839 obsidibus
729 3786 884 3839 teueretur.
929 3774 993 3840 Sed
1013 3776 1039 3815 ¹¹
1042 3779 1134 3860 pejus

100 3859 263 3923 uictoribus
273 3859 426 3946 Sequaris
437 3882 530 3946 arram
541 3861 681 3925 Haeduis
691 3861 776 3924 uictis
791 3861 944 3943 accidisse,
962 3856 1131 3952 propterea
