2468 4312
408 245 468 288 um.
490 245 545 288 vu.
576 198 648 289 ⁴cae.
670 225 804 291 83-88.
1053 225 1112 290 155

134 379 183 445 86.
231 380 290 444 His
314 383 412 445 rebus
435 381 575 464 cognitis
598 379 718 444 Caesar
744 380 919 447 Labienum
950 404 1022 446 curn
1056 406 1113 447 eo·

92 467 244 529 hortibus
268 488 327 530 sex
351 466 500 530 subsidio
524 466 748 531 laborantibus
771 468 881 542 mittit3
914 470 1060 554 imperat
1083 470 1111 532 si

92 554 252 616 sustinere
275 574 341 615 uon
363 561 487 636 posset,
510 551 681 616 ¹deductis
715 553 906 617 cohortibus
941 555 1113 639 eruptione

91 649 265 723 pugnarem
287 637 322 700 id
344 638 406 700 nisi
428 639 615 702 necessario
638 660 678 701 ne
701 637 805 702 faciat.
850 640 926 723 lpse
948 640 1018 704 adit
1038 641 1112 704 reli·

91 745 186 808 quos,
210 723 409 792 cohortatur,
432 744 474 786 ne
495 723 600 786 labori
623 726 849 796 succumbant;
883 727 1024 789 omnium
1057 746 1112 789 su-

91 811 254 894 periorum
278 808 518 872 dimicationum
540 808 680 873 fructum
701 811 735 873 in
757 832 796 873 eo
821 810 872 874 die
898 822 996 895 atque
1029 811 1112 875 hora

91 895 190 958 docet
212 895 400 958 consistere.
445 895 640 958 ²Interiores
664 895 847 979 desperatis
873 898 1111 981 campestribus

91 982 173 1044 locis
196 990 333 1064 propter
354 979 605 1066 magnitudinem
629 981 839 1045 munitionum
851 982 924 1046 loca
935 994 1113 1067 praerupta

91 1088 132 1130 ex
154 1088 294 1130 ascensu
315 1075 456 1141 tentant3
490 1066 553 1130 huc
587 1087 633 1137 ea
667 1088 750 1151 quae
776 1078 978 1151 paraverant,
1001 1067 1113 1132 coufe-

91 1161 174 1216 runt.
219 1152 429 1215 Multitudine
451 1153 590 1215 telorum
620 1154 830 1217 extorribus
863 1174 970 1238 propu
1016 1165 1110 1218 antea

91 1238 274 1311 deturbant,
297 1258 416 1337 aggere
439 1248 472 1301 et
496 1239 639 1302 cratibus
662 1237 772 1302 fossas
796 1239 937 1324 explent,
970 1175 1110 1304 &cibus

89 1324 210 1387 vallum
233 1345 271 1387 ac
293 1323 426 1386 loricam
448 1323 646 1387 rescindunt.

93 1440 96 1444 ·
132 1411 182 1475 87.
227 1410 327 1473 Mittit
349 1410 454 1494 primo
477 1409 612 1472 Brutum
636 1408 880 1472 adolescentem
903 1432 974 1473 cum
993 1409 1110 1474 cohor·

89 1496 178 1560 tibus
203 1495 331 1562 Caesar.
354 1506 432 1579 post
454 1516 527 1558 curn
550 1495 621 1557 aliis
646 1493 763 1580 Gajum
786 1495 919 1558 Fabium
951 1496 1110 1580 legatum

88 1592 258 1665 postremo
280 1583 360 1664 ipse,
384 1601 483 1663 quum
495 1580 717 1643 vehementius
733 1591 943 1665 pugnaretur,
964 1583 1111 1666 integros

90 1667 239 1731 subsidio
263 1666 405 1730 adducit.
449 1666 616 1728 Restituto
639 1666 765 1749 proelio
789 1687 827 1728 ac
849 1667 990 1751 repulsis
1007 1667 1110 1730 hosti·

89 1753 152 1815 bus
180 1775 227 1825 eo,
257 1774 322 1837 quo
357 1752 534 1815 Labienum
567 1752 706 1823 miserat,
740 1752 920 1820 contendit:
954 1752 1109 1816 cohortes

89 1847 245 1922 quattuor
268 1860 308 1901 ex
330 1839 481 1922 proximo
504 1838 640 1900 castello
660 1837 806 1914 deducit3
830 1839 972 1922 equitum
986 1845 1110 1923 partem

88 1925 192 2008 sequi,
238 1933 339 1986 artem
372 1923 541 1987 circumire
574 1923 752 1986 exteriores
786 1925 980 1987 munitiones
1009 1934 1043 1988 et
1066 1925 1108 1987 ab

88 2020 182 2095 tergo
214 1945 332 2072 bostes
367 2009 486 2072 adoriri
504 2009 608 2093 jubet
660 2009 831 2073 Labienus.
855 2023 1031 2094 postquam
1053 2030 1108 2072 ne-

89 2117 153 2180 que
176 2116 312 2181 aggeres
336 2116 441 2178 neque
464 2094 575 2157 fossae
586 2095 649 2157 vim
668 2094 811 2158 hostiurn
834 2096 994 2160 sustinere
1017 2105 1109 2179 pote·

87 2191 170 2256 rant,
193 2182 316 2244 coactis
328 2201 446 2244 unaxu
458 2179 659 2251 cohortibus,
683 2201 765 2263 quas
789 2202 831 2243 ex
842 2182 998 2264 proximis
1014 2201 1109 2265 prae·

88 2266 181 2330 sidiis
206 2266 366 2330 deductas
389 2265 459 2329 fors
483 2267 610 2339 obtulit,
634 2265 806 2329 Caesarem
827 2288 887 2350 per
908 2266 1044 2330 nuncios
1061 2265 1109 2330 fa-

88 2353 132 2416 cit
165 2354 349 2425 certiorem,
384 2351 463 2435 quid
495 2350 679 2415 faciendum
713 2352 882 2415 existimet.
937 2352 1108 2416 Accelerat

88 2438 218 2511 Caesar,
240 2450 277 2501 ut
298 2437 424 2522 proelio
447 2437 582 2501 intersit.

130 2524 181 2588 88.
225 2523 308 2609 Ejus
331 2523 475 2586 adventu
498 2545 537 2586 cx
561 2522 672 2586 colore
694 2523 833 2586 vestitus
867 2523 1007 2609 cognito,
1041 2544 1107 2606 quo

86 2610 206 2695 insigni
228 2610 261 2672 in
283 2609 416 2693 proeliis
438 2609 485 2671 uti
508 2617 691 2683 consuerat,
714 2611 893 2692 turmisque
916 2608 1060 2692 equitum
1076 2619 1109 2672 et

88 2694 281 2759 cohortibus
304 2695 393 2767 visis,
417 2715 499 2776 quas
523 2715 559 2757 se
582 2694 674 2778 sequi
692 2695 849 2779 jusserat,
880 2704 917 2758 ut
950 2694 991 2758 dc
1024 2695 1106 2757 locis

88 2781 313 2865 superioribus
336 2780 417 2843 haec
440 2779 578 2843 declivia
601 2787 633 2843 ct
655 2779 783 2843 devexa
804 2781 1026 2847 cernebantur,
1048 2780 1108 2844 ho-

88 2875 157 2929 stes
180 2867 341 2950 proelium
364 2867 575 2929 committunt.
618 2864 953 2951 Utrimqueclamore
975 2865 1106 2929 sublato

88 2953 210 3035 excipit·
231 2973 346 3014 rursus
370 2973 411 3014 ex
440 2952 528 3014 vallo
561 2960 660 3035 atque
692 2952 841 3014 omnibus
876 2952 1106 3021 munitionibus

88 3038 219 3100 clamor.
264 3038 377 3102 Nostri
401 3037 531 3100 omissis
554 3037 629 3120 pilis
651 3036 768 3122 gladiis
791 3059 859 3100 rem
881 3049 1005 3123 gerunt.
1045 3037 1108 3100 Re-

87 3134 186 3208 pente
208 3133 286 3208 post
307 3132 433 3208 tergum
457 3123 620 3206 equitatus
649 3123 804 3196 corniton
839 3123 992 3186 cohortes
1026 3122 1108 3186 aliae

87 3209 360 3293 appropinquant.
391 3208 514 3271 Hostes
537 3216 629 3293 terga
641 3217 785 3276 vertunt:
808 3209 1006 3294 fugientibus
1019 3209 1108 3292 equi·

87 3308 138 3357 tes
173 3304 363 3367 occurrunt3
396 3294 433 3356 fit
460 3314 575 3378 magna
604 3294 731 3357 caedes
782 3294 945 3373 SeduliuS,
979 3293 1047 3356 dux
1076 3303 1108 3356 et

87 3380 240 3465 princeps
264 3380 481 3453 Lemovicum,
505 3379 678 3453 occiduum
718 3379 1024 3443 Vercasivellaunus
1046 3379 1108 3442 Ar-

86 3487 208 3528 vernus
232 3466 326 3528 vivus
349 3466 381 3527 in
404 3464 482 3551 fuga
504 3464 804 3548 comprehenditur:
839 3466 932 3550 signa
958 3465 1107 3527 militaria

87 3573 186 3614 nxx1v
211 3551 253 3614 ad
277 3550 449 3614 Caesarem
470 3550 669 3624 referunturt
691 3553 785 3634 pauci
810 3573 850 3613 ex
865 3561 955 3613 tanto
974 3571 1107 3612 numero

87 3658 124 3699 se
146 3636 326 3699 incolumes
348 3638 380 3698 in
404 3647 510 3699 castra
529 3637 696 3719 recipiunt.
741 3636 928 3720 Conspicati
951 3657 992 3697 ex
1015 3635 1107 3719 oppi-

87 3721 131 3784 do
156 3720 288 3784 caedem
311 3731 344 3785 et
364 3721 473 3806 fugam
497 3743 630 3785 suorum
653 3721 828 3805 desperata
857 3721 961 3783 salute
995 3721 1107 3804 copias

87 3829 106 3870 a
130 3808 361 3871 munitionibus
384 3807 553 3870 reducunt.
608 3807 660 3870 Fit
677 3809 832 3956 grotinus
854 3807 917 3869 hac
938 3828 974 3869 re
996 3806 1108 3869 audita

87 3915 127 3956 ex
141 3894 258 3956 castris
277 3892 446 3957 Gallorum
468 3892 553 3979 fuga.
599 3892 674 3972 Quo
720 3894 782 3956 nisi
806 3893 928 3956 crebris
951 3891 1107 3956 subsidiis
