2468 4312
428 228 488 269 ura.
510 228 564 272 vu.
598 228 667 271 car.
689 207 824 273 40-44.
1071 209 1129 275 135

124 362 203 428 142.
246 361 333 427 Dum
354 361 435 446 haec
458 360 501 425 ad
525 359 720 446 Gergoviam
734 370 898 448 geruntur,
922 363 1050 427 Haedui
1065 365 1130 449 pri-

108 449 171 513 mis
194 449 320 512 nunciis
344 449 384 511 ab
408 446 554 525 Litavico
567 447 710 532 acceptis
722 449 844 512 nullum
858 449 919 512 sibi
943 449 985 512 ad
1009 471 1130 535 cogno·

108 533 269 599 scendum
291 534 432 618 spatium
457 532 652 616 relinquunt
695 533 838 619 Impellit
869 534 952 597 alios
986 536 1129 609 avaritia,

109 620 193 682 alios
215 619 383 683 iracundia
405 631 437 682 et
461 619 632 693 temeritas,
667 641 749 703 quae
782 620 919 683 maxime
951 621 997 685 illi
1025 620 1129 683 homi-

109 727 187 768 num
208 705 318 790 generi
341 711 392 767 est
413 705 531 777 innata,
559 712 596 767 ut
616 703 722 768 levem
754 704 952 769 auditionem
987 705 1129 769 habeant

109 812 170 875 pro
193 813 229 855 re
251 798 427 874 comperta.
470 789 564 853 Bona
586 789 703 853 civium
726 789 945 854 Romanorum
965 790 1128 875 diripiunt

109 875 369 946 caedesfaciunt.
392 876 424 938 in
435 875 624 938 servitutem
647 877 850 940 abstrabunt.
895 877 1041 961 Adjuvat
1061 899 1129 940 rem

109 961 321 1046 proclinatam
346 960 612 1024 Convictolitavis
636 961 830 1046 plebemque
853 962 895 1025 ad
918 963 1059 1025 furorem
1071 962 1128 1025 im·

134 1047 209 1119 ellit
232 1055 269 1110 ut
289 1046 433 1110 facinore
455 1046 600 1109 admisso
619 1047 662 1110 ad
673 1048 844 1111 sanitatem
865 1048 983 1111 reverti
996 1048 1127 1132 pudeat.

108 1069 153 1196 ll.
175 1133 331 1196 Aristium
355 1133 518 1196 tribunum
540 1131 675 1195 militum
697 1134 759 1196 iter
770 1133 813 1196 ad
829 1133 987 1218 legionem
1009 1132 1127 1197 facien·

108 1232 173 1282 tem
196 1217 261 1282 fide
285 1217 364 1281 data
382 1240 428 1281 ‚ex
450 1217 575 1303 oppido
599 1217 770 1282 Cabillono
793 1219 950 1293 educunt;
973 1217 1059 1282 idem
1080 1218 1127 1283 fa·

109 1325 182 1367 cere
205 1314 328 1389 cogunt
350 1325 418 1378 eos,
441 1305 497 1386 qui
519 1303 707 1388 negotiandi
730 1326 830 1368 causa
844 1305 887 1368 ibi
907 1305 1129 1368 constiterant

107 1388 180 1452 Hos
204 1391 358 1452 continuo
380 1390 413 1452 in
435 1389 547 1452 itinere
570 1388 677 1452 adorti
707 1391 856 1453 omnibus
889 1391 930 1452 im
958 1389 1127 1454 edimentis

107 1484 246 1550 exuunt3
269 1484 488 1560 repugnantes
512 1474 596 1538 diem
619 1485 812 1559 noctemque
846 1413 1014 1550 obsidium
1047 1476 1128 1539 mul·

105 1561 149 1624 tis
172 1561 333 1644 utrimque
355 1559 534 1624 interfectis
556 1560 712 1644 majorem
733 1560 970 1624 multitudinem
988 1570 1128 1624 armato·

105 1667 178 1710 rum
201 1647 372 1709 concitant.

147 1731 197 1795 43.
241 1731 373 1794 Interim
394 1732 512 1794 nuncio
535 1731 645 1805 allato,
668 1753 780 1795 omnes
804 1753 915 1796 eorum
943 1732 1061 1795 milites
1094 1732 1127 1795 in

128 1826 268 1879 otestete
293 1816 441 1880 Caesaris
465 1818 573 1889 teneri,
597 1826 793 1881 concurrunt
816 1817 858 1880 ad
884 1817 1057 1892 Aristium3
1080 1817 1127 1880 ni-

102 1838 151 1965 lit
172 1902 305 1986 publico
329 1901 449 1965 factum
472 1902 609 1966 oonsilio
633 1901 874 1974 demonstrant;
901 1903 1127 1987 quaestionem

103 1987 264 2050 debonis
288 1987 424 2071 direptis
449 1987 644 2059 decernunt:
668 1988 803 2052 Litavici
826 1987 1027 2071 fratrumque
1039 1990 1126 2052 bona

101 2073 286 2157 publicaut3
321 2074 448 2157 legatos
471 2073 514 2136 ad
538 2073 709 2138 Caesarem
742 2074 794 2137 sui
827 2073 989 2160 purgandi
1022 2075 1126 2160 gratia

101 2159 242 2221 mittunt.
288 2157 377 2220 Haec
399 2157 522 2222 faciunt
543 2159 842 2244 recuperandorum
865 2182 1000 2224 suorum
1011 2181 1125 2236 causa3

102 2243 164 2306 sed
187 2245 394 2306 contaminati
416 2243 559 2308 facinore
583 2258 615 2308 et
638 2247 725 2329 capti
758 2245 952 2329 compendio
977 2268 1018 2308 ex
1041 2245 1126 2308 dire-

100 2316 168 2414 ptis
191 2330 296 2392 bouis
320 2329 410 2411 quod
433 2351 471 2393 ea
492 2351 545 2393 res
569 2329 612 2393 ad
634 2332 755 2393 multos
785 2331 976 2414 pertinebat,
1009 2331 1125 2395 timore

100 2435 228 2499 poenae
252 2415 395 2476 exterriti
418 2416 554 2479 consilia
577 2416 659 2479 olam
682 2415 834 2480 debello
857 2416 938 2479 inire
967 2417 1125 2500 incipiunt

101 2501 316 2648 civitatesque
353 2501 495 2583 reliquas
533 2501 749 2586 legationibus
787 2501 972 2564 sollicitant.
1032 2501 1124 2582 Quae

100 2586 230 2651 tametsi
280 2607 374 2649 aesar
396 2586 605 2670 intelligebat,
628 2597 735 2650 tamen
758 2608 853 2670 quam
876 2588 1044 2651 mitissime
1064 2611 1124 2673 po·

99 2679 168 2734 test
190 2671 317 2755 legatos
341 2671 499 2755 appellat:
524 2672 603 2735 nitet
621 2697 652 2735 se
668 2684 798 2757 propter
830 2674 1019 2737 inscientiam
1052 2675 1123 2736 leui·

99 2768 247 2842 talemque
267 2758 349 2839 rrulpi
368 2759 495 2840 pravius
516 2758 553 2820 de
575 2759 692 2822 eloilute
705 2757 851 2840 judicare
872 2782 965 2845 neque
997 2760 1034 2822 de
1065 2783 1123 2824 arro

100 2845 134 2906 in
156 2841 301 2906 Haeduos
323 2843 525 2908 benevolentia
547 2845 725 2908 deminuere.
770 2844 846 2928 Ipse
868 2844 1023 2929 majorem
1047 2843 1122 2909 Gal·

99 2928 163 2991 liae
184 2939 308 2991 motum
332 2938 537 3014 exspectans,
560 2952 600 2992 ne
623 2931 663 2993 ab
688 2929 837 2994 omnibus
861 2930 1045 2994 civitatibus
1062 2931 1123 2994 cir·
1207 3002 1209 3006 μ

100 3015 355 3087 cumsisteretur,
378 3014 514 3078 consilia
536 3014 647 3083 inibat.
670 3014 944 3098 quemadmodum
966 3017 1007 3080 ab
1042 3015 1122 3080 Ger·

98 3099 198 3184 govia
220 3098 405 3163 diseederet
426 3121 465 3163 ac
487 3121 601 3163 rursus
625 3122 752 3163 omnem
785 3101 961 3164 exercitum
995 3111 1122 3165 contra-

98 3183 200 3264 heret,
223 3206 264 3247 ne
287 3184 447 3268 profectio
470 3195 546 3248 nata
568 3187 608 3249 ab
632 3186 747 3249 timore
780 3185 973 3250 defectionis
1008 3187 1121 3251 similis

98 3269 196 3346 fugae
218 3268 393 3334 videretur.
835 3325 836 3329 ,

142 3355 192 3419 44.
236 3356 327 3419 Haec
349 3356 505 3437 cogitanti
527 3356 675 3420 accidere
698 3357 767 3420 visa
791 3365 843 3419 est
863 3355 1002 3420 facultas
1039 3358 1122 3422 bene

98 3441 145 3504 rei
168 3440 338 3524 gerendae.
384 3442 466 3506 Nam
491 3463 590 3525 quum
611 3444 645 3505 in
666 3442 792 3505 minora
803 3456 913 3504 castra
924 3443 1033 3526 operis
1050 3465 1123 3527 per·

99 3525 258 3610 spiciendi
281 3547 382 3589 causa
404 3527 557 3601 venisset,
580 3526 807 3591 animadvertit
833 3527 958 3600 collem,
993 3529 1047 3612 qui
1080 3530 1122 3592 ab

98 3611 252 3675 hostibus
276 3613 455 3685 tenebatur,
479 3612 636 3678 nudatum
648 3612 845 3686 hominibus
869 3613 924 3696 qui
947 3613 1123 3697 superiori·

97 3699 161 3762 bus
186 3696 303 3760 diebus
317 3697 372 3760 vix
387 3719 466 3782 prae
488 3698 694 3762 multitudine
717 3697 806 3761 cerui
829 3706 968 3780 poterat.
1012 3698 1123 3763 Admi-

98 3791 190 3847 ratus
214 3782 341 3866 quacrit
364 3806 405 3847 ex
427 3782 572 3868 perfugis
596 3804 736 3857 causam,
760 3805 898 3867 quorum
920 3805 1056 3869 magnus
1080 3785 1124 3848 ad

99 3890 172 3934 eum
196 3867 342 3954 quotidie
376 3889 528 3934 uumerus
562 3867 757 3935 confluebat.
812 3867 1013 3935 ²Constabat
1039 3872 1124 3936 inter
