2468 4312
113 230 154 295 56
463 235 632 294 canarno
654 249 792 295 caturco

114 391 148 450 et
169 383 371 470 agricultura
392 381 660 467 prohibebantur.
704 384 890 448 Suanorum
911 402 993 469 gena
1006 389 1059 446 est
1072 380 1145 446 lon·

112 491 153 556 ge
174 471 314 533 maxima
327 477 360 533 et
374 468 626 532 bellicosissima
648 466 884 532 Germanorum
907 468 1058 532 omnium.
1086 465 1146 530 8Ηί

114 564 245 619 centum
267 575 374 639 pagos
396 553 519 617 habere
542 550 704 628 dicuntur,
738 574 780 618 ex
813 553 933 637 quibus
967 552 1144 635 quotannis

114 639 244 726 singula
266 640 353 702 milia
375 645 574 701 armatorum
595 637 741 703 bellandi
764 659 865 702 causa
877 657 918 701 ex
928 637 1049 701 finibus
1065 635 1145 700 edu·

114 735 200 788 cunt.
250 724 389 808 Reliqui,
424 723 481 806 qui
512 722 601 786 domi
632 731 832 798 manserunt,
864 744 903 786 se
935 733 1035 805 atque
1067 720 1145 785 illos

114 809 215 872 alunt.
259 808 323 871 *Hi
345 828 461 872 narsus
483 808 516 870 in
539 809 643 871 vicem
665 829 753 871 anno
775 816 854 892 post
881 808 915 870 iu
937 808 1035 871 armis
1057 816 1146 879 suut,

112 894 162 958 illi
185 894 274 957 domi
296 903 471 957 remanent.
516 892 573 956 Sic
594 913 703 977 neque
735 893 934 977 agricultura
966 913 1028 956 nec
1060 891 1146 954 ratio

115 987 216 1061 atque
238 999 321 1041 usus
333 977 411 1041 belli
433 977 665 1040 intermittitur.
709 976 778 1042 Sed
800 977 919 1061 privati
941 999 980 1040 ac
1002 975 1147 1060 separati

115 1063 184 1148 agri
206 1062 296 1147 apud
320 1083 378 1126 eos
401 1061 481 1126 nihil
504 1072 565 1138 est,
588 1061 716 1146 ⁶neque
737 1063 1147 1147 longiusannoremanere

114 1169 182 1211 uno
204 1149 238 1211 in
260 1148 336 1211 loco
347 1145 513 1212 incolendi
535 1169 636 1210 causa
659 1147 743 1211 licet
788 1149 905 1231 Neque
927 1148 1064 1210 multum
1077 1144 1147 1209 fru-

115 1240 235 1308 mento,
258 1233 320 1296 sed
342 1232 514 1296 maximam
536 1241 663 1316 partem
685 1232 881 1317 lacteatque
897 1253 1017 1317 pecore
1031 1232 1149 1294 vivunt

115 1318 319 1401 multumque
352 1325 430 1380 sunt
462 1317 496 1380 in
528 1317 773 1381 venationibus:
807 1317 912 1401 'quae
943 1339 998 1380 res
1028 1324 1062 1380 et
1083 1314 1148 1379 cibi

116 1424 236 1527 penore
259 1410 292 1465 et
314 1400 506 1486 quotidiana
538 1402 773 1467 exercitatione
808 1411 841 1466 et
873 1402 1024 1466 libertate
1051 1401 1148 1475 vitae„

138 1486 229 1570 quod
251 1508 272 1550 a
292 1488 405 1585 pueris
428 1487 520 1550 nullo
543 1486 654 1550 officio
682 1496 739 1551 aut
768 1487 942 1572 disciplina
970 1485 1149 1550 assuefacti

116 1572 198 1635 nihil
221 1593 353 1635 ommno
376 1579 491 1636 contra
513 1572 717 1635 voluntatem
738 1570 870 1647 faciant,
904 1580 938 1635 et
969 1572 1056 1634 vires
1091 1570 1150 1633 alit

118 1666 152 1721 et
172 1657 302 1720 immani
324 1677 502 1740 corporum
524 1656 747 1742 magnitudine
768 1656 919 1720 homines
943 1655 1050 1719 efficit.
1076 1654 1150 1718 lAte

141 1763 183 1806 ue
210 1743 244 1805 in
272 1763 344 1804 eam
377 1762 414 1804 sc
448 1741 720 1805 consuetudinem
752 1740 972 1816 adduxerunt
1001 1750 1039 1804 ut
1066 1739 1149 1803 locis

116 1762 337 1913 frigidissimis
348 1847 456 1910 neque
467 1827 608 1890 vestitus
620 1838 752 1910 praeter
773 1827 879 1912 pelles
901 1826 1045 1890 habeant
1060 1826 1151 1908 quic·

119 1932 225 1995 quam,
249 1931 386 1994 quarum
408 1920 545 1995 propter
567 1911 777 1996 exiguitatem
792 1933 909 1997 magna
925 1921 976 1975 est
999 1910 1150 1994 corporis

118 2017 196 2080 pars
219 2004 342 2078 aperta,
365 1995 390 2034 ¹¹
400 2006 433 2059 et
454 1995 607 2060 lavantur
626 1997 661 2059 in
682 1995 879 2062 fluminibus.

162 2080 190 2144 2.
236 2079 497 2144 ¹Mercatoribus
521 2089 572 2143 cst
594 2081 704 2144 aditus
717 2083 820 2166 magis
833 2104 882 2157 eo,
905 2090 943 2146 ut
964 2081 1150 2166 quaebello

119 2165 275 2249 ceperint,
298 2166 418 2248 quibus
440 2164 594 2238 vendant,
623 2164 795 2240 ²habeant,
828 2188 927 2250 quam
961 2188 1028 2250 quo
1051 2165 1152 2229 ullam

118 2249 253 2313 remed
276 2270 313 2312 se
334 2251 504 2335 importari
527 2250 725 2314 desiderent.
776 2250 885 2330 ³Quin
908 2253 1005 2315 etiam
1023 2252 1152 2335 jumen·

118 2336 171 2410 tia,
195 2335 315 2419 quibus
338 2336 477 2398 maxime
499 2333 586 2398 Galli
610 2335 815 2399 delectantur
837 2358 987 2420 quaeque
1001 2337 1152 2420 impenso

118 2429 237 2504 parant
258 2421 374 2504 pretia,
398 2418 552 2483 Germani
572 2421 757 2504 importatis
769 2421 822 2485 his
834 2443 900 2485 non
922 2431 1074 2494 utuntur3
1090 2419 1152 2483 sed

120 2524 205 2588 quae
228 2512 306 2567 sunt
327 2503 417 2590 apud
441 2525 499 2568 eos
522 2513 607 2580 nata.
629 2506 864 2589 ⁴pravaatquc
877 2505 1044 2576 deformia,
1070 2506 1153 2568 haec

143 2589 312 2653 uotidiana
334 2590 568 2653 exercitatione
583 2591 700 2653 summi
722 2599 761 2654 ut
782 2593 849 2655 siut
862 2592 986 2655 laboris
1000 2589 1153 2653 efficiunt.

120 2609 341 2758 {questubus
364 2674 499 2759 proeliis
522 2695 624 2760 saepe
647 2698 689 2738 ex
711 2677 807 2760 equis
822 2676 977 2740 desiliunt
999 2697 1038 2738 ac
1059 2675 1153 2760 pedi·

120 2758 184 2822 bus
217 2759 421 2842 proeliantur
453 2780 625 2844 equosque
658 2761 775 2824 eodem
812 2782 979 2825 remancre
1012 2760 1153 2845 vestigio

121 2843 376 2918 assuefecerunt
405 2843 449 2907 ad
476 2865 562 2928 quos
586 2866 623 2908 se
646 2844 803 2921 celeriter,
832 2847 952 2930 ⁵quum
980 2866 1063 2908 usus
1092 2853 1153 2920 est,

120 2929 297 3013 recipiunt;
319 2949 427 3013 neque
450 2950 564 2992 eorum
585 2931 732 2994 moribus
754 2932 886 3015 turpius
909 2932 1084 3014 quicquam
1097 2939 1154 2994 aut

120 3013 256 3076 inertius
267 3013 417 3089 habetur,
440 3035 537 3098 quam
554 3013 718 3099 ephippiis
741 3017 797 3078 uti.
840 3016 957 3098 Itaque
979 3016 1023 3078 ad
1042 3036 1153 3099 quem-

121 3098 173 3160 vis
207 3119 377 3161 numerum
410 3099 676 3246 ephippiatorum
698 3101 844 3184 equitum
874 3101 1023 3185 quamvis
1057 3100 1154 3183 pauci

121 3181 212 3246 adire
235 3182 365 3246 audent.
410 3182 422 3221 ⁸
462 3184 551 3247 inum
584 3183 628 3247 ad
661 3207 698 3248 se
720 3187 851 3249 omnino
884 3188 1053 3271 importem
1086 3206 1153 3247 non

122 3267 241 3342 sinunt,
265 3266 358 3351 quod
380 3289 419 3332 ea
439 3290 476 3332 re
498 3268 542 3332 ad
565 3270 712 3333 laborem
735 3269 905 3334 ferendum
923 3270 1154 3334 remollescere

120 3351 270 3416 homines
293 3360 392 3436 atque
415 3352 590 3417 effeminari
612 3354 818 3417 arbitrantur.

165 3439 194 3501 3.
239 3437 396 3501 ¹Publice
416 3437 588 3501 maximam
621 3446 740 3523 putant
772 3461 848 3503 esse
879 3438 1020 3515 laudem,
1055 3460 1153 3523 quam

120 3521 281 3586 latissime
306 3543 325 3585 a
348 3523 418 3586 suis
441 3522 562 3586 finibus
586 3544 703 3587 vacare
725 3544 838 3610 agros:
872 3524 935 3589 hac
967 3546 1003 3588 re
1031 3525 1154 3623 signifi·

123 3608 198 3682 cari,
219 3628 372 3692 magnum
394 3628 564 3672 numerum
586 3608 764 3672 civitatium
786 3631 880 3673 suam
902 3611 967 3672 vim
990 3620 1154 3673 sustinere

122 3713 188 3754 non
211 3713 322 3776 posse.
366 3692 483 3778 Itaque
504 3714 570 3757 una
592 3715 633 3757 ex
654 3703 749 3777 parte
771 3714 792 3758 a
813 3694 932 3759 Suavis
955 3694 1086 3758 circiter
1096 3695 1154 3756 mi·

123 3775 167 3838 lia
187 3798 346 3859 passuum
368 3785 525 3842 sexcenta
599 3779 606 3793 '
630 3799 748 3842 vacare
771 3778 932 3843 dicuntur.
976 3779 1050 3843 ³Ad
1073 3780 1154 3842 alte-

122 3879 192 3923 ram
214 3871 340 3946 partem
361 3861 546 3928 succedunt
597 3863 651 3940 bii,
674 3884 814 3948 quorum
835 3863 899 3930 fuit
913 3865 1029 3929 civitas
1044 3865 1155 3950 ampla
