2468 4312
140 232 199 298 150
482 254 524 296 nr
546 254 648 296 aeneo
672 254 809 297 eanmro

135 409 196 452 suo
217 389 347 451 nomine
370 397 468 473 atque
491 389 625 452 arbitrio
659 409 732 450 cum
765 386 920 451 Romanis
953 378 1078 451 bellu'm
1103 406 1158 473 ge·

135 489 245 537 sturos
270 474 422 538 dicebant
443 494 549 558 neque
571 474 763 559 cujusquam
791 473 926 558 imperio
954 474 1158 558 obtempera-

135 570 243 633 turos;
265 560 371 645 rogati
393 569 500 623 tamen
523 559 564 623 ab
588 558 733 623 Commio
756 581 818 644 pro
841 559 912 645 ejus
924 557 1072 644 hospitio
1090 558 1157 624 duo

134 645 220 709 milia
242 667 306 709 una
328 646 492 708 miserunt.

176 731 226 794 76.
272 730 378 816 Hujus
395 752 495 815 opera
511 729 654 803 Commii,
676 737 713 794 ut
734 741 829 794 antea
852 729 1157 806 demonstravimus,

134 816 223 880 fideli
246 828 343 900 atque
366 816 437 880 utili
460 817 685 900 superioribus
708 817 800 879 annis
825 825 894 880 erat
928 837 1008 880 usus
1031 818 1062 880 in
1086 817 1157 880 Bri·

134 903 242 965 tannia
265 902 398 977 Caesar;
428 902 546 985 quibus
572 902 627 965 ille
650 923 711 986 pro
733 902 855 965 meritis
889 903 1051 965 civitatem
1085 903 1157 988 ejus
1212 913 1215 917 ’

133 988 305 1051 immunem
329 1010 403 1051 esse
420 988 576 1073 jusserat,
596 989 672 1074 jura
694 989 849 1072 legesque
885 987 1077 1052 reddiderat
1109 998 1157 1052 at-

135 1093 198 1156 que
219 1074 283 1157 ipsi
305 1073 453 1136 Morinos
477 1076 675 1137 attribuerat.
720 1073 845 1137 Tamen
867 1083 958 1137 tanta
983 1075 1157 1138 universae

135 1157 260 1221 Galliae
283 1162 457 1222 consensio
479 1159 540 1223 fuit
563 1159 721 1223 libertatis
755 1158 969 1223 vindicandae
993 1168 1025 1223 et
1047 1160 1157 1245 pristi-

133 1266 194 1307 nae
216 1245 293 1308 belli
315 1245 422 1308 laudis
445 1244 696 1329 recuperandae,
718 1254 755 1309 ut
776 1267 883 1330 neque
905 1245 1071 1309 beneficiis
1102 1268 1157 1310 ne-

134 1351 197 1414 que
220 1332 376 1394 amicitiae
399 1331 552 1394 memoria
575 1341 790 1406 moverentur,
814 1353 993 1414 omnesque
1005 1341 1038 1394 et
1049 1332 1157 1395 animo

133 1424 166 1480 et
189 1417 307 1501 opibus
330 1416 417 1480 inid
440 1416 561 1480 bellum
582 1418 812 1481 incumberent.
858 1415 988 1480 Coactis
1011 1417 1156 1501 equitum

133 1524 192 1564 rm
214 1503 343 1566 milibus
360 1511 393 1565 et
408 1501 553 1587 pediturn
577 1505 704 1567 circiter
727 1525 783 1566 con
804 1501 887 1566 haec
899 1504 930 1566 in
944 1502 1157 1566 Haeduorum

133 1588 251 1652 finibus
274 1589 536 1661 recensebantur,
569 1609 789 1672 numerusque
820 1589 971 1662 inibatur,
998 1587 1157 1673 praefecti

134 1675 423 1738 constituebantur.
454 1673 599 1738 Commio
621 1675 778 1750 Atrebati,
801 1673 1010 1737 Viridomaro
1024 1683 1056 1737 et
1067 1674 1158 1758 Epo·

132 1759 274 1845 redorigi
305 1759 459 1833 Haeduis,
483 1759 773 1824 Vercasivellauno
801 1759 960 1836 Arvern0,
987 1760 1157 1824 consobri-

133 1866 176 1908 no
199 1845 487 1930 Vercingetorigis
521 1868 645 1909 sumina
673 1846 798 1931 imperii
821 1845 969 1909 traditur.
1013 1845 1075 1908 His
1101 1845 1157 1909 de-

134 1931 209 1993 lecti
232 1952 272 1992 ex
295 1931 480 1995 civitatibus
504 1933 731 2006 attribuuntur,
755 1953 892 2016 quorum
920 1931 1057 1994 consilio
1088 1931 1156 1994 bel-

133 2016 200 2079 lum
223 2016 510 2080 administraretur.
555 2017 676 2082 Omnes
700 2016 824 2081 alacres
849 2025 880 2080 et
905 2017 1044 2080 fiduciae
1067 2017 1156 2101 pleni

134 2100 177 2164 ad
201 2101 342 2164 Alesiam
364 2102 623 2186 proficiscuntur,
657 2125 763 2188 neque
797 2111 865 2165 erat
899 2102 1040 2166 omnium
1067 2103 1157 2187 quis-

134 2207 240 2270 quam,
264 2189 318 2272 qui
341 2198 509 2272 aspectum
537 2189 635 2252 modo
668 2199 778 2253 tantae
811 2187 1026 2251 multitudinis
1056 2189 1156 2252 susti·

134 2273 202 2336 neri
234 2295 337 2358 posse
370 2275 594 2345 arbitraretur,
628 2275 819 2360 praesertim
853 2274 984 2358 ancipiti
1017 2273 1155 2358 proelio,

134 2380 232 2441 quum
256 2382 296 2422 ex
325 2359 449 2444 oppido
483 2362 654 2444 eruptione
686 2371 895 2446 pugnaretur,
931 2358 1012 2423 foris
1046 2371 1156 2423 tantae

134 2446 246 2528 copiae
271 2447 433 2528 equitatus
458 2445 690 2531 peditatusque
712 2455 928 2510 cernerentur.

176 2531 224 2593 77.
269 2532 313 2593 At
335 2531 364 2605 ii,
389 2532 444 2615 qui
466 2532 595 2595 Alesiae
618 2532 862 2607 obsidebantur,
885 2531 1060 2616 praeterita
1093 2531 1155 2605 die,

134 2637 198 2700 qua
221 2617 341 2679 auxilia
363 2639 496 2680 suorum
521 2625 800 2702 exspectaverant,
838 2625 1033 2700 consumpto
1068 2618 1155 2680 omni

131 2699 294 2764 frumento
317 2703 418 2778 inscii,
452 2703 531 2787 quid
563 2705 596 2766 in
625 2703 772 2767 Haeduis
806 2714 980 2789 gereretur,
1015 2703 1154 2766 concilio

133 2796 247 2851 coacto
272 2786 313 2848 de
336 2789 424 2851 exitu
442 2811 574 2851 suarum
596 2788 799 2852 fortunarum
822 2788 1061 2852 consultabant.
1105 2789 1155 2852 Ae

132 2874 230 2936 variis
255 2872 350 2936 dictis
374 2876 551 2950 sententiis
575 2896 711 2959 quarum
733 2897 810 2959 pars
834 2874 1042 2943 deditionem,
1065 2895 1154 2958 pars,

133 2958 210 3022 dum
232 2958 319 3021 vires
343 2969 563 3044 suppeterent,
587 2963 789 3047 eruptionem
799 2960 961 3034 censebat,
980 2981 1045 3022 non
1061 2982 1155 3044 prae-

132 3043 290 3108 tereunda
314 3047 418 3108 oratio
442 3045 621 3132 Critognati
643 3047 780 3119 videtur,
804 3055 940 3130 propter
956 3046 1027 3131 ejus
1044 3047 1154 3131 singu·

132 3130 231 3194 larem
256 3145 286 3191 rt
309 3130 461 3194 nefariam
486 3131 717 3195 crudelitatem.
762 3132 825 3195 Hie
848 3153 973 3194 summo
986 3132 1019 3194 in
1035 3132 1154 3195 Arver-

131 3217 181 3280 nis
206 3227 298 3280 ortus
321 3217 395 3280 loco
420 3227 452 3280 et
486 3239 619 3304 magnae
651 3218 782 3281 habitus
816 3218 1029 3288 auctoritatis,
1054 3217 1152 3297 Nihil,

130 3303 243 3386 inquit,
267 3302 303 3365 de
326 3325 428 3366 eoram
450 3306 593 3368 sententia
616 3304 750 3367 dictante
770 3327 844 3383 ann,
867 3305 921 3390 qni
947 3305 1154 3388 trapissinrarn

130 3392 298 3453 sanitatem
320 3389 478 3452 deditionis
500 3392 621 3452 nomine
643 3391 807 3475 appellant,
831 3413 869 3452 ne
909 3412 926 3452 e
957 3389 1010 3452 bor
1041 3388 1154 3452 habed-

131 3475 185 3538 doe
207 3478 317 3538 civitam
349 3475 414 3538 loco
446 3498 540 3562 nepae
573 3475 617 3538 ad
647 3476 806 3538 concilium
835 3498 855 3538 a
877 3474 1020 3538 bibendos
1042 3497 1153 3538 censeo.

133 3561 207 3624 Germ
228 3562 275 3623 bie
295 3561 372 3623 midi
391 3585 439 3624 rer
460 3564 505 3633 sit,
528 3563 581 3647 qai
603 3564 789 3646 emptionem
805 3562 958 3646 probant:
978 3582 1106 3646 paeana
1120 3563 1154 3624 in

131 3647 254 3710 cornilio
277 3648 411 3709 omniane
431 3658 559 3709 cestram
581 3668 724 3710 consensa
742 3649 894 3733 pristinae
915 3647 1046 3709 residere
1059 3649 1153 3710 cirtae-

131 3733 168 3795 lir
188 3735 336 3796 memoria
357 3732 481 3795 videtur.
526 3731 652 3796 ¹Anirni
673 3743 715 3795 cet
734 3735 792 3797 ista
813 3733 950 3812 mollitia,
975 3753 1036 3795 non
1050 3734 1152 3812 aaran,

126 3818 288 3902 parilirper
320 3820 458 3902 inopiam
482 3818 571 3903 ferre
602 3839 664 3880 non
683 3839 778 3903 porse.
831 3819 891 3898 Qni
911 3842 942 3880 ce
963 3819 1042 3881 nlno
1063 3821 1154 3882 morti

131 3903 265 3991 (fierunt,
280 3904 412 3991 facilins
432 3905 633 3988 reperiantur,
656 3926 748 3990 qaam
770 3906 824 3991 qai
844 3904 977 3968 dolmem
999 3906 1154 3990 patienter
