2468 4312
415 254 475 298 nm.
498 254 552 298 vm
597 253 665 297 cnr.
688 231 823 298 32-36.
1062 234 1124 304 131

104 408 182 452 esse
202 386 425 472 prohiberent,
459 386 576 452 Cotum
608 389 778 473 imperium
811 387 977 472 deponere
1010 389 1126 474 coegit,

104 471 407 548 Conuictolitauem,
438 473 515 558 ⁴qui
548 496 610 559 per
642 473 834 537 sacerdotes
867 495 957 537 more
985 475 1125 539 civitatis

103 559 297 623 intermissis
320 560 567 646 magistratibus
588 571 678 624 esset
694 574 832 636 creatus,
855 568 1052 644 potestatem
1067 561 1126 625 ob·¹

103 645 208 709 tinere
225 645 336 730 jussit.

145 731 199 794 34.
242 731 316 796 Hoc
342 729 475 794 decreto
503 730 699 816 interposito
731 728 924 794 cohortatus
957 730 1124 812 Haeduos,

102 825 141 880 ut
163 817 461 880 controversiarum
483 838 522 880 ac
544 816 760 880 dissensionis
784 817 1055 880 obliviscerentur
1077 825 1125 880 at-

52 958 60 973 .
103 923 169 987 que
191 903 341 967 omnibus
365 903 495 966 omissis
518 901 570 966 his
602 904 702 966 rebus
736 902 811 965 huic
843 902 932 967 bello
965 903 1125 966 servirent

102 1008 216 1071 eaque,
238 1009 323 1070 quae
345 990 548 1063 meruissent,
570 989 713 1072 praemia
734 989 775 1051 ab
798 1009 836 1050 se
862 987 990 1051 devicta
1018 986 1126 1051 Gallia

102 1082 334 1157 exspectarent
356 1074 599 1157 equitatumque
622 1095 749 1137 omnem
772 1083 805 1136 et
826 1072 972 1157 peditum
993 1074 1081 1136 milia
1102 1095 1126 1136 x

103 1160 167 1223 sibi
189 1159 338 1222 celeriter
359 1159 531 1234 mitterent,
554 1180 639 1242 quae
660 1159 693 1222 in
714 1159 886 1244 praesidiis
909 1160 955 1222 rei
985 1158 1126 1222 frumen·

102 1246 205 1308 tariae
228 1266 328 1308 eausa
350 1243 548 1328 disponeret,
571 1245 748 1308 exercitum
769 1246 803 1307 in
825 1244 908 1308 duas
942 1255 1052 1328 partes
1076 1243 1124 1308 di·

102 1331 195 1394 visit:
217 1354 252 1393 rr
274 1331 420 1415 legiones
442 1331 474 1393 in
497 1331 645 1394 Senones
668 1330 880 1414 Parisiosque
902 1330 1046 1394 Labieno
1065 1329 1125 1393 du-

103 1416 225 1480 cendas
249 1415 355 1490 dedit3
378 1439 412 1479 vr
433 1416 505 1500 ipse
527 1416 559 1479 in
582 1416 749 1479 Arvernos
782 1415 825 1479 ad
863 1415 1021 1500 oppidum
1044 1414 1124 1480 Ger·

101 1503 233 1588 goriam
256 1502 435 1566 secundum
457 1500 577 1565 tlumen
598 1501 719 1565 Elaver
741 1501 850 1568 duxit:
873 1503 1037 1585 equitatus
1050 1522 1124 1586 par-

102 1597 167 1653 tem
179 1587 226 1650 illi
244 1588 399 1659 attribuit,
421 1597 548 1671 partem
570 1587 632 1650 sibi
654 1587 793 1671 reliquit.
841 1584 971 1665 Quare
994 1587 1124 1672 cognita

102 1673 354 1758 Vercingetorix
376 1673 526 1736 omnibus
548 1673 739 1756 interruptis
763 1671 834 1757 ejus
857 1671 997 1736 fluminis
1015 1673 1123 1757 ponti-

101 1760 165 1824 bus
189 1761 229 1823 ab
253 1759 355 1822 altera
376 1757 516 1821 tluminis
540 1771 631 1843 parte
653 1758 714 1821 iter
735 1758 843 1822 facere
868 1759 984 1842 eoepit.

144 1846 195 1909 35.
240 1844 348 1924 Quum
370 1853 508 1927 uterque
533 1844 697 1927 utrimque
729 1845 857 1907 exisset·
885 1843 1057 1918 exercitus,
1089 1844 1123 1907 iu

101 1943 283 2015 conspectu
304 1928 437 2012 fereque
460 1952 477 1993 e
499 1930 632 2015 regione
655 1930 772 1993 eastris
806 1938 914 1993 castra
946 1931 1121 2014 ponebant.

100 2017 282 2102 Dispositis
306 2014 579 2099 exploratoribus
602 2015 719 2079 necubi
742 2014 856 2079 effecto
869 2025 970 2101 ponte
984 2015 1123 2079 Romani

101 2103 215 2186 copias
238 2100 454 2173 traducerent,
478 2100 568 2164 ²erat
589 2102 622 2163 in
648 2102 771 2187 magnis
801 2101 951 2165 Caesaris
985 2100 1123 2164 difficul-

100 2188 224 2253 tatibus
247 2208 311 2261 res,
334 2208 374 2249 ne
396 2186 552 2270 majorem
574 2188 708 2250 aestatis
731 2196 856 2272 partem
879 2186 1007 2250 flumine
1022 2188 1122 2271 impe-

101 2273 235 2344 diretur,
258 2271 369 2354 ³quod
390 2293 456 2336 non
478 2271 546 2334 fere
569 2280 643 2335 ante
666 2280 854 2335 autumnum
881 2272 1002 2335 Elaver
1034 2271 1121 2335 vado

101 2359 232 2424 transiri
255 2357 349 2420 solet.
393 2357 516 2441 ltaque,
539 2379 580 2420 ne
601 2357 637 2420 id
665 2357 835 2433 accideret,
870 2358 1013 2421 silvestri
1046 2357 1121 2421 loco

98 2445 219 2510 castris
242 2443 359 2527 positis
384 2464 401 2505 e
423 2443 556 2528 regione
578 2443 674 2506 unius
701 2465 814 2507 eorum
846 2440 1002 2528 pontium,
1036 2464 1121 2526 quos

101 2529 352 2615 Vercingetorix
372 2527 610 2592 rescindendos
634 2537 812 2604 curaverat,
836 2537 970 2613 postero
984 2528 1122 2592 discum

100 2616 230 2682 duabus
254 2615 436 2700 legionibus
458 2615 492 2678 in
515 2614 645 2678 occulto
668 2616 802 2688 restitit3
835 2615 979 2697 reliquas
1009 2615 1120 2698 copias

100 2724 175 2767 cum
198 2701 348 2765 omnibus
371 2699 618 2785 impedimentis,
640 2711 677 2764 ut
700 2709 923 2775 consueverat,
945 2700 1033 2764 misit
1054 2701 1122 2763 ⁴ca·

99 2789 166 2874 ptis
189 2785 386 2871 quibusdam
409 2786 610 2861 cohortibus,
632 2786 679 2849 uti
701 2808 854 2850 numerus
867 2786 1029 2872 legionum
1045 2809 1122 2849 con·

100 2883 189 2938 stare
212 2872 386 2936 videretur.
433 2872 494 2934 His
518 2893 616 2955 quam
637 2872 827 2957 longissime
849 2883 987 2956 possent
1010 2871 1120 2959 egredi

95 2959 212 3046 jussis
236 2979 336 3042 quum
353 2958 422 3043 jam
445 2979 485 3020 ex
509 2957 573 3020 diei
597 2969 743 3042 tempore
772 2958 993 3042 conjecturam
1027 2980 1122 3042 cepe-

99 3053 159 3120 rat,
181 3046 214 3108 in
237 3055 346 3107 castra
367 3052 567 3128 perventum,
589 3042 706 3106 iisdem
728 3044 872 3119 sublicis,
895 3064 1031 3127 quarum
1043 3065 1120 3129 pars

99 3129 233 3196 inferior
254 3131 380 3214 integra
401 3130 595 3200 remanebat,
618 3139 750 3213 pontem
773 3130 905 3193 reficere
918 3131 1033 3215 coepit.
1061 3129 1121 3193 Ce-

98 3217 211 3282 leriter
244 3215 358 3279 effecto
392 3236 492 3299 opere
524 3215 773 3300 legionibusque
805 3215 963 3279 traductis
991 3226 1024 3279 et
1045 3216 1120 3279 loco

100 3303 217 3367 castris
233 3301 360 3364 idoneo
384 3301 512 3364 delecto
533 3301 677 3386 reliquas
701 3301 814 3386 copias
826 3313 1000 3364 revocavit.
1038 3301 1120 3364 Ver-

100 3388 280 3474 cingetorix
301 3409 338 3450 re
361 3387 498 3472 cognita,
521 3409 561 3449 ne
584 3400 697 3450 contra
723 3408 816 3450 suam
843 3387 1044 3450 voluntatem
1072 3386 1120 3449 di·

98 3475 217 3539 micare
240 3482 421 3558 cogeretur,
444 3495 474 3535 m
497 3473 568 3534 onis
590 3473 760 3536 itineribus
787 3472 971 3536 antecessit.

142 3560 192 3625 36.
237 3559 358 3622 Caesar
381 3581 421 3622 ex
444 3494 582 3622 eofl'looo
605 3558 746 3642 ¹quintis
774 3558 890 3622 castris
925 3556 1120 3643 Gergoviam

98 3646 249 3731 pervenit
271 3645 480 3730 equestrique
491 3665 531 3707 eo
547 3643 601 3707 dic
646 3644 748 3707 roelio
765 3643 828 3707 levi
842 3643 930 3707 facto
943 3656 1119 3728 perspecto

98 3733 190 3796 urbis
214 3732 287 3803 situ,
311 3751 395 3814 quae
417 3731 527 3814 posita
548 3730 581 3792 in
604 3666 763 3793 altissimo
785 3738 895 3793 monte
918 3750 1030 3792 omncs
1051 3729 1119 3792 adi·

97 3827 152 3882 tus
177 3815 326 3880 disticiles
350 3817 500 3891 habebat,
524 3815 565 3878 de
588 3817 828 3902 expugnatione
854 3815 1054 3900 desperavit3
1078 3814 1120 3877 de

98 3904 295 3969 obsessione
316 3924 392 3968 non.
406 3903 496 3988 prius
519 3902 681 3988 agendum
703 3903 880 3979 constituit,
912 3901 1029 3985 ²quam
1052 3921 1117 3965 rem
