2468 4312
95 213 134 277 12
443 228 485 268 nn
507 225 610 267 namo
635 222 776 265 Gannico

91 370 238 448 parerat,
268 361 388 441 ²quum
414 357 570 419 exercitui
591 355 792 417 frumentum
815 348 924 413 metiri
948 355 1143 434 oporteret,

91 456 126 510 et
148 446 241 529 quod
264 466 284 506 a
304 444 465 515 Bibracte,
488 439 614 524 oppido
637 438 857 501 Haeduorum
878 434 1142 519 longemaximo

91 540 126 594 et
148 528 394 612 copiosissimo,
428 546 495 586 non
523 524 663 607 amplius
693 522 827 585 milibus
857 540 1025 602 passuum
1054 539 1144 580 xvnr
1184 571 1187 575 .

91 616 221 686 aberat,
260 610 327 671 ³rei
350 608 578 671 frumentariae
606 605 881 690 prospiciendum
919 603 1144 677 existimavit,

90 698 152 760 iter
174 698 217 758 ab
241 693 403 756 Helvetiis
427 693 545 755 avertit
567 713 605 754 ac
628 691 784 753 Bibracte
807 691 856 751 ire
879 687 1066 750 contendit.
1091 686 1145 749 Ea

89 801 143 843 res
170 801 232 862 per
255 777 431 860 ⁵fugitivos
455 776 491 839 L.
514 775 652 849 Aemilii,
677 774 867 837 decurionis
893 773 1044 854 equitum
1063 770 1145 834 Gal·

89 863 206 936 lorum,
230 862 386 923 hostibus
409 862 590 922 nunciatur.
636 859 791 932 Helvetii,
816 879 876 920 seu
901 856 998 940 quod
1022 857 1146 919 timore

88 946 288 1028 perterritos
312 945 480 1007 Romanos
505 943 678 1007 discedere
708 965 727 1004 a
756 964 793 1004 se
818 941 1065 1016 existimarent,
1103 961 1145 1003 eo

88 1031 202 1112 magis,
228 1028 322 1109 quod
344 1028 449 1110 pridie
473 1028 721 1111 ⁶superi0ribus
744 1026 829 1089 locis
847 1027 1024 1108 occupatis
1041 1045 1145 1109 proe-

88 1111 165 1174 lium
189 1133 260 1172 nou
284 1114 539 1187 commisissent,
569 1113 640 1174 sive
663 1134 719 1186 eo,
749 1109 841 1193 quod
865 1131 902 1172 re
924 1109 1148 1172 frumentaria

87 1194 267 1256 intercludi
296 1216 400 1277 posse
434 1196 652 1270 confiderent,
681 1201 885 1258 commutato
926 1194 1072 1257 oonsilio
1096 1203 1147 1255 at

88 1296 153 1358 que
174 1278 296 1339 itinere
319 1300 483 1341 converso
521 1288 658 1342 nostros
689 1300 709 1341 a
730 1279 917 1342 novissimo
942 1279 1076 1364 agmine
1097 1277 1148 1340 iu,-

88 1360 184 1440 sequi
207 1382 248 1421 ac
271 1361 438 1425 lacessere
462 1372 651 1446 coeperunt.

90 1481 92 1485 ι
124 1441 181 1503 24.
230 1443 436 1528 ¹Postquam
468 1447 504 1508 id
538 1449 679 1510 animum
717 1446 877 1522 advertit,
913 1446 1033 1531 copias
1065 1467 1149 1509 suas

88 1523 212 1620 Caesar
235 1527 271 1587 in
292 1531 482 1610 proxirnmn
505 1531 624 1594 collem
657 1531 838 1594 ²subdueit
875 1533 1150 1614 equitatumque,

28 1652 33 1658 «
88 1625 145 1703 qur
167 1611 352 1674 sustineret
384 1614 538 1678 hostium>
553 1616 726 1700 impetum,
754 1616 852 1678 misit.
904 1616 985 1700 lpse
1014 1616 1151 1678 interim

86 1711 121 1751 in
133 1690 221 1752 colle
236 1694 351 1759 medio
376 1697 557 1781 ³triplicem
581 1702 683 1763 aciem
694 1701 854 1762 instruxit
864 1700 1038 1785 legionum
1051 1707 1152 1783 quat·

86 1781 164 1834 tuor
179 1782 420 1870 veteranorum
443 1785 529 1866 [⁴ita,
551 1786 599 1847 uti
623 1784 752 1867 supra];
777 1784 897 1846 sedin
919 1806 1053 1848 summo
1062 1785 1152 1868 jugo

88 1854 173 1948 duas
197 1856 369 1940 legumes,
399 1886 481 1946 quas
510 1869 543 1930 in
575 1868 682 1931 Gallia
712 1869 865 1931 citeriore
888 1869 1045 1952 proxime
1070 1861 1153 1932 con·

88 1950 305 2038 scripserat,
322 1954 355 2007 et
385 1951 495 2012 omnia
523 1953 644 2015 auxilia
677 1953 835 2016 collocari
858 1974 898 2015 ac
921 1960 1032 2015 totum
1055 1975 1154 2015 mon·

88 2026 156 2081 tem
179 2019 376 2091 homrmbus
408 2035 567 2118 compleri
590 2045 622 2100 et
643 2038 772 2100 interea
794 2037 965 2099 ⁵sarcinas
989 2038 1025 2100 in
1046 2058 1155 2101 unum

89 2103 201 2197 locum
227 2109 376 2174 conferri
400 2123 433 2178 et
457 2140 530 2181 eum
553 2122 595 2183 ab
619 2121 700 2196 ⁶his‚
739 2122 796 2204 qui
818 2122 853 2182 in
876 2123 1058 2204 superiore
1080 2123 1154 2185 acie

91 2193 328 2291 constiterant,
349 2201 468 2262 muniri
486 2202 600 2286 jussit.
634 2205 787 2280 Helvetii,
812 2227 887 2267 cum
906 2207 1066 2269 omnibus
1080 2206 1154 2269 suis

91 2287 194 2388 Pam?
220 2284 344 2375 secuti,
364 2282 601 2366 impedimenta
622 2290 656 2351 in
679 2312 779 2352 unum
791 2290 903 2352 locum
923 2290 1154 2367 contuleruut,

90 2371 156 2432 1ps1
200 2357 453 2430 confertissima
486 2373 555 2434 acie
583 2374 708 2457 rejecto
738 2383 855 2436 nostro
887 2375 1039 2456 equitatu
1068 2376 1156 2460 pha-

91 2434 189 2514 lange
211 2435 394 2558 fffsslaffib
417 2454 557 2535 primam
578 2466 727 2521 nostram
749 2459 852 2519 aciem
875 2468 1128 2534 successerunt.

137 2514 187 2576 25·
257 2521 386 2626 Caesar
408 2539 550 2618 primum
573 2563 650 2618 suo,
681 2542 801 2605 deinde
835 2544 983 2604 omnium
1007 2566 1051 2606 ex
1075 2566 1157 2608 con-

94 2605 216 2679 spectu
238 2621 381 2678 remous
395 2622 500 2701 equis,
523 2634 560 2688 ut
575 2635 717 2709 aequato
731 2626 875 2690 omnium
887 2628 1041 2710 periculo
1059 2650 1159 2713 spem

94 2680 193 2775 flgass
216 2689 366 2773 tolleret,
391 2705 588 2773 cohortatus
612 2733 693 2774 suos
711 2711 875 2795 proelium
890 2713 1068 2775 commisit.
1091 2713 1159 2776 Mi·

62 2836 64 2841 ,
95 2765 172 2883 bles
197 2787 216 2827 e
239 2771 321 2839 loco
347 2790 558 2868 superiore²
589 2795 642 2857 ilis
665 2795 775 2857 missis
799 2793 1061 2858 faoilehostium
1073 2797 1160 2881 pha-

96 2847 229 2942 langim
251 2861 499 3013 perfrepemnt.
576 2900 595 2940 a
618 2879 758 2963 disjecta
780 2879 900 2963 gladiis
925 2879 1100 2943 destrictis
1124 2883 1161 2944 in

99 2950 158 2992 ⁰⁰⁸
180 2948 346 3017 mpetum
385 2963 533 3024 eceruut.'
576 2961 680 3025 Gallis
703 2985 822 3048 magno
846 2963 890 3025 ad
912 2984 1063 3049 pugnam
1087 2975 1163 3029 erat

98 3013 357 3107 impedimento,
388 3044 483 3121 quod
512 3047 524 3084 ³
531 3047 682 3130 pluribus
712 3069 826 3111 eorum
859 3055 965 3110 scutis
978 3111 981 3116 ,
995 3072 1065 3112 uno
1089 3051 1163 3114 ictu

100 3095 244 3241 pilorum
268 3114 446 3187 transfixis
477 3137 510 3192 ct
539 3131 718 3216 colligatis,
747 3132 870 3214 ⁴quum
898 3131 1026 3195 ferrum
1050 3136 1163 3196 sein·

127 3193 260 3261 mosset,
284 3214 399 3281 neque
424 3212 582 3291 evellere,
603 3237 712 3298 neque
734 3216 868 3278 sinistra
889 3216 1053 3300 impedita
1076 3219 1162 3281 satis

103 3269 279 3405 offirmode
303 3300 459 3369 pugnare
482 3307 645 3381 poterant,
668 3300 782 3361 ⁵multi
803 3307 841 3361 ut
864 3299 922 3362 diu
940 3301 1164 3383 jactatobra-

104 3367 122 3408 c
158 3367 177 3405 0
201 3371 451 3446 praeoptarent
473 3391 605 3446 scutum
626 3406 724 3446 manu
747 3383 895 3445 emittere
919 3393 953 3447 et
975 3386 1070 3449 nudo
1088 3409 1166 3450 cor·

104 3448 186 3569 P⁰fre
207 3453 374 3522 pugnare,
434 3461 588 3530 Tandem
609 3468 802 3531 vulneribus
833 3466 960 3531 defessi
983 3477 1018 3533 et
1040 3471 1166 3555 pedem

106 3530 147 3654 {g
157 3531 228 3655 θζέθ
253 3531 296 3622 ‘³¹³2
322 3542 421 3616 quod
445 3546 561 3615 ⁶mons
585 3554 720 3617 suberat
742 3551 871 3613 circiter
885 3552 976 3629 mille
990 3576 1167 3638 passuum,

110 3673 196 3735 tibus
228 3620 385 3711 recipere
410 3644 603 3718 coeperunt.
658 3634 764 3719 Capto
788 3642 899 3697 moute
923 3645 957 3699 et
980 3639 1168 3703 succeden-

111 3699 349 3824 circiteliosms
381 3707 462 3798 Boji
491 3728 525 3784 et
553 3720 701 3805 Tulingi,
735 3719 791 3800 qui
823 3717 997 3784 hominum
1030 3725 1168 3789 milibus

266 3792 316 3840 XV
347 3807 472 3874 agmen
499 3804 646 3870 hostium
674 3801 874 3866 claudebant
904 3812 939 3867 et
971 3808 1169 3874 novissimis
