2468 4312
140 229 180 297 18
489 251 532 292 ns
554 250 657 292 nmo
680 250 818 293 amuco

136 395 220 448 tanto
255 405 310 448 suo
342 383 512 470 populique
554 385 692 447 Romani
730 383 872 473 beneficio
905 384 1042 472 affectus,
1117 407 1171 450 um

137 472 172 534 in
200 466 358 533 consulatu
385 491 439 532 sno
466 493 523 533 rec
551 479 640 556 atque
668 474 785 532 amicus
813 493 834 532 a
861 481 969 534 sanctu
996 492 1079 554 appe
1103 481 1171 534 atus

138 566 217 636 esset,
240 554 321 618 lianc
341 556 401 618 sibi
415 555 594 641 populoque
613 556 758 618 Romano
777 556 915 638 pralium
935 554 1070 641 referret,
1092 556 1171 619 utin

137 641 320 727 colloquimur
340 642 443 703 venire
464 642 607 703 incitatus
625 650 810 723 precaretur
841 662 937 726 neque
957 641 996 703 de
1016 643 1171 704 cormnuni

136 749 172 789 rc
193 726 355 789 dicendum
374 726 435 788 sibi
455 737 484 788 ct
504 726 740 809 capnoscendum
755 736 898 809 putaret‚·
919 724 1075 806 licecessc,
1091 749 1171 812 quae

138 812 178 876 ab
201 832 235 873 co
251 811 438 895 postularet:
460 813 613 896 primum,
636 811 694 874 ²ne
756 834 809 874 am
829 810 1052 874 multitudinem
1072 811 1170 875 liomi·

137 918 212 960 rmm
233 895 367 980 amplius
388 907 475 960 trans
495 896 637 961 Rliermm
658 899 692 959 in
733 896 855 960 *alliam
875 896 1062 978 traducent,-
1084 897 1170 960 dein·

138 982 176 1046 de
197 982 326 1061 obsides,
356 981 635 1067 nassiternas
657 981 811 1062 Haeduis,
845 981 983 1044 redderet
1003 981 1170 1067 Sequanis·

137 1089 195 1154 que
210 1069 405 1152 pcmnitterct,
431 1078 471 1148 ut,
494 1090 568 1154 quos
589 1069 637 1131 illi
657 1067 808 1147 haberent,
832 1067 1002 1130 ³ooluntate
1023 1071 1087 1150 ejus
1100 1068 1169 1132 red·

137 1154 209 1215 dere
230 1153 268 1214 ill
273 1154 278 1166 '
314 1153 431 1234 liceret;
453 1175 525 1215 nece
546 1152 693 1216 Haeduos
714 1154 833 1234 injuria
854 1153 1017 1232 lacesseret,
1039 1153 1170 1217 necetis

136 1239 284 1385 smiippm
311 1259 416 1316 eorum
444 1238 554 1302 bellum
581 1238 714 1325 inferret.
765 1237 803 1302 Si
824 1237 859 1300 id
879 1239 923 1301 ita
946 1237 1081 1324 fecisset,
1110 1238 1171 1302 sibi

132 1345 200 1408 pop
252 1346 309 1409 que
335 1325 479 1386 Romano
502 1335 689 1408 perpetuam
713 1325 851 1406 pralium
883 1334 971 1409 atque
999 1325 1171 1389 amicitiam

15 1442 19 1447 ·
137 1431 207 1472 mim
231 1430 267 1471 eo
278 1408 441 1495 suturam:
468 1409 516 1472 ⁴si
542 1432 605 1472 non
626 1411 816 1494 impetraret,
845 1431 920 1489 sese,
949 1411 1096 1494 quoniam
1123 1410 1169 1476 M.

137 1494 282 1574 Messala,
305 1495 350 1558 M.
373 1495 486 1558 Pisone
508 1495 678 1558 cornulibus
698 1505 819 1557 senatus
840 1495 1005 1575 censuisset,
1027 1496 1080 1575 uti,
1103 1496 1170 1581 qui·

137 1601 263 1664 uinique
287 1578 426 1643 Galliam
442 1582 640 1664 prouinciam
651 1580 802 1659 obtineret,
826 1579 929 1665 ⁵quod
941 1581 1097 1643 cornniodo
1123 1581 1171 1643 rei

132 1665 279 1749 publicae
290 1664 401 1751 facere
417 1677 532 1749 posset,
555 1665 703 1729 Haeduos
730 1675 896 1750 ceterosque
924 1668 1039 1729 amicos
1054 1665 1171 1750 populi

136 1752 274 1814 Romani
303 1750 485 1837 defenderet,
509 1749 589 1814 “sese
610 1750 812 1815 Haeduormn
833 1752 966 1833 imurias
985 1772 1049 1814 nou
1070 1750 1168 1836 mple-

137 1846 262 1899 cturum.

180 1919 230 1982 36.
276 1919 350 1983 ¹Ad
371 1920 455 1984 haec
479 1921 670 1984 Ariovistus
693 1920 883 2005 respondit:
912 1919 972 1985 Jus
999 1943 1061 1984 esse
1083 1919 1168 2002 belli,

136 2015 176 2083 ut,
200 2007 253 2090 qni
274 2007 419 2086 vicissent,
441 2005 496 2086 liis,
520 2029 593 2092 quos
614 2009 764 2086 vicissent,
787 2006 1167 2092 quemadmodnmvellent,

136 2091 341 2173 imperarent:
370 2091 459 2154 ²item
482 2093 636 2176 populum
662 2093 840 2155 Romanum
864 2093 951 2154 victis
970 2114 1034 2154 non
1056 2091 1100 2154 ad
1121 2091 1168 2155 al-

136 2177 228 2238 terius
244 2178 482 2260 praescriptum,
505 2178 558 2240 sed
579 2177 623 2240 ad
641 2201 730 2240 suum
752 2177 915 2240 arbitrium
926 2178 1082 2260 inperare
1096 2198 1168 2240 con·

135 2283 240 2323 suesse.
284 2258 322 2324 Si
343 2264 409 2345 ipse
424 2262 545 2346 populo
565 2263 709 2326 Bouiano
731 2284 793 2325 non
809 2262 1041 2346 praescriberet,
1065 2285 1168 2348 quern·

137 2345 302 2408 admodum
321 2369 377 2409 sao
390 2349 464 2428 jure
485 2357 630 2428 uteretur,
659 2369 722 2410 non
748 2358 887 2431 oportere
912 2370 975 2410 sese
1003 2371 1024 2411 a
1046 2347 1168 2432 populo

135 2431 335 2494 Romanam
362 2454 416 2494 sno
441 2434 515 2514 jure
542 2433 694 2517 inpediri.
744 2433 892 2497 Haeduos
918 2432 991 2512 sili,
1021 2435 1169 2519 quoniam

136 2515 207 2578 belli
228 2516 394 2603 fortunam
421 2528 580 2581 tentassent
607 2529 635 2581 et
661 2520 758 2582 armis
785 2520 937 2600 cmepressi
965 2539 1003 2581 ac
1029 2520 1170 2603 munerati

136 2611 236 2681 essent,
259 2601 476 2685 stipendiarios
497 2627 559 2666 esse.
569 2602 681 2689 factos.
725 2605 879 2686 Mapnam
902 2603 1065 2666 Caesarem
1086 2605 1167 2686 inju-

135 2687 219 2748 riam
231 2686 348 2773 facere,
372 2687 446 2773 ³qui
466 2709 520 2750 suo
543 2689 673 2751 aduentu
694 2689 856 2772 oectiyalia
869 2688 929 2751 sibi
950 2687 1166 2775 deteriorass-

136 2782 220 2834 ceret.
264 2770 406 2834 Haeduis
426 2796 458 2836 sc
479 2774 595 2837 obsides
615 2773 806 2837 redditurum
826 2796 889 2837 non
911 2796 979 2854 esse,
1001 2797 1098 2860 neque
1119 2774 1168 2837 liis

134 2877 230 2941 neque
251 2877 355 2918 eorum
375 2858 465 2919 sociis
486 2859 604 2939 imario
625 2858 736 2921 bellem
757 2859 923 2940 illaturum,
944 2861 973 2921 si
993 2860 1028 2922 in
1050 2881 1084 2922 eo
1099 2882 1167 2923 ma-

134 2951 251 3020 nerent,
275 2941 357 3025 quod
377 2944 570 3024 conuenisset,
593 2944 854 3029 ⁴stipendiumque
870 2946 1033 3030 quotannis
1048 2944 1167 3028 pende-

134 3037 217 3088 rent:
237 3027 265 3088 si
286 3025 321 3089 id
340 3048 403 3090 non
438 3029 567 3109 scissent,
591 3029 698 3112 ⁵lonpe
718 3028 766 3091 liis
777 3029 958 3116 fraternum
978 3051 1089 3092 nomeu
1105 3051 1166 3114 po-

129 3111 202 3195 puli
222 3111 360 3174 Romani
381 3135 403 3174 a
417 3123 548 3176 uturum.
594 3113 683 3192 Quod
713 3115 772 3176 sibi
806 3114 920 3176 Caesar
952 3114 1166 3196 denunciaret,

133 3218 166 3258 se
186 3195 388 3259 Haeduormn
409 3199 542 3280 injurias
563 3220 625 3261 nou
639 3198 850 3282 neplecturum
874 3197 1044 3262 ⁰nemiuem
1065 3221 1168 3262 secum

132 3282 199 3343 sine
219 3304 277 3344 sua
293 3284 434 3364 pernicie
455 3283 647 3346 contendisse.
692 3283 813 3361 'Quum
841 3283 938 3364 uellet,
969 3284 1167 3366 concredere·

133 3376 199 3428 tur:
221 3367 446 3447 intellecturum,
468 3368 544 3453 quid
564 3370 669 3432 inuicti
692 3368 849 3448 Germani,
872 3370 1116 3432 exercitatissimi
1132 3371 1167 3433 in

134 3452 244 3531 arinis,
267 3451 341 3538 ⁸qui
362 3454 440 3514 inter
462 3475 560 3516 annos
582 3454 819 3540 quattuordecim
846 3463 952 3517 tectum
983 3475 1047 3517 non
1067 3454 1166 3518 subis·

132 3546 203 3616 seut,
226 3538 333 3600 virtute
348 3549 480 3622 possent.

176 3619 226 3682 37.
271 3621 381 3686 ¹Haec
403 3622 520 3687 eodem
542 3631 608 3688 tem
634 3645 690 3688 orc
713 3623 847 3687 Caesari
868 3625 1022 3688 mandata
1044 3623 1165 3689 refero-

132 3704 260 3779 bantur‚
284 3714 316 3768 et
337 3707 437 3794 legati
469 3710 511 3774 ab
534 3647 682 3773 HaeHuis
706 3717 739 3771 et
761 3730 780 3771 a
802 3708 950 3773 Treviris
973 3711 1165 3775 veniebant:

133 3786 264 3851 Haedui
286 3803 447 3873 questum,
471 3794 563 3877 quod
584 3793 749 3868 Harudes,
772 3795 829 3877 qui
839 3816 945 3878 nuper
966 3795 1000 3858 in
1023 3793 1165 3858 Galliam

133 3877 350 3958 transportati
372 3888 494 3956 essent,
515 3878 597 3942 fines
621 3900 736 3943 eorum
745 3879 1000 3964 popularentur3
1023 3901 1099 3945 sese
1121 3901 1165 3945 ne
