2468 4312
418 239 480 280 nm.
502 238 523 280 1.
568 239 637 282 car.
662 218 796 284 19-23.
1080 222 1117 286 11

86 369 121 434 di
143 369 258 445 faciat3
285 369 368 433 tanti
397 370 469 454 ejus
497 371 588 455 apud
616 393 653 434 se
680 373 817 456 gratiam
850 394 924 436 esse
958 374 1119 452 ostendit,

84 456 135 518 uti
158 464 192 518 et
213 454 607 540 ¹⁴reipublicaeinjuriam
631 464 663 519 ct
686 478 781 519 suum
805 456 954 520 dolorem
977 458 1119 543 ejusvo·

84 539 204 604 luntati
227 561 266 603 ac
286 540 441 625 precibus
465 540 641 603 condonet.
684 540 918 625 Dumnorigem
941 542 986 605 ad
1008 565 1045 606 se
1059 565 1119 608 vo·

85 631 154 700 cat,
182 623 316 688 fratrem
344 624 494 699 adhibet3
525 646 609 708 quae
631 625 665 689 in
687 647 726 689 eo
749 626 983 710 reprehendat,
1007 635 1119 692 osten·

85 709 144 784 dit,
168 729 253 793 quae
274 709 348 794 ipse
368 710 436 772 inte
464 709 470 722 '
515 717 538 784 t,
562 730 647 794 quae
669 710 783 773 civitas
807 721 971 795 queratur,
993 734 1118 797 propo·

84 794 147 869 nit;
171 802 296 870 monet,
324 800 362 858 ut
383 793 418 856 in
438 815 474 857 re
490 795 601 877 ‘quum
623 802 754 879 tempus
777 795 925 859 1⁵omnes
955 799 1118 881 suspicio·

84 901 145 942 nes
178 879 274 954 vitet3
308 879 484 963 praeterita
512 901 549 942 se
578 878 774 943 1⁰Divitiaco
810 879 905 943 fratri
927 882 1118 946 condonare

85 963 174 1028 dicit.
217 963 413 1048 Dumnorigi
434 963 461 1002 ¹¹
469 963 628 1028 custodes
650 964 752 1047 ponit,
774 971 820 1040 ut,
844 987 927 1049 quae
946 975 1028 1052 agat
1047 968 1117 1051 qui·

82 1049 226 1113 buscum
247 1048 281 1111 lo
306 1056 411 1123 uatur,
434 1048 519 1111 scire
540 1048 658 1132 possit.

128 1133 179 1196 2l.
222 1069 353 1197 Eodem
376 1131 429 1196 die
465 1133 507 1196 ab
541 1154 583 1196 ex
607 1132 807 1197 loratoribus
842 1135 961 1198 certior
992 1134 1117 1210 factus,

83 1215 201 1280 hostes
225 1215 308 1282 lsub
330 1224 442 1280 monte
464 1155 659 1281 consedisse
681 1218 768 1280 milia
789 1240 948 1302 passuum
974 1221 1015 1284 ab
1037 1218 1117 1303 ipsi·

83 1323 125 1364 us
155 1302 272 1365 castris
307 1309 399 1377 octo,
433 1303 540 1386 qualis
564 1310 655 1365 esset
676 1309 793 1364 natura
814 1305 934 1366 montis
957 1312 990 1366 et
1015 1305 1116 1386 ²qua·

83 1384 126 1449 lis
149 1386 184 1448 in
206 1386 343 1449 circuitu
366 1407 534 1461 ascensus,
558 1387 614 1470 qui
637 1396 889 1533 cogposcerent,
912 1388 1007 1451 misit.
1051 1387 1116 1451 Re·

82 1471 273 1534 nunciatum
296 1478 361 1547 est,
383 1470 511 1534 facilem
534 1492 618 1534 esse.
662 1471 675 1509 ³
715 1472 852 1534 etertia
873 1472 983 1556 vigilia
997 1471 1037 1534 T.
1053 1471 1116 1535 La-

83 1555 217 1619 bienum
242 1556 386 1641 legatum
407 1557 490 1640 ⁴pro
512 1564 666 1639 praetore
689 1577 763 1617 cum
786 1554 915 1619 duabus
931 1557 1115 1640 legionibus

85 1647 119 1702 ct
145 1639 198 1703 bis
223 1640 372 1716 ducibus,
396 1640 452 1723 qui
472 1641 535 1703 iter
565 1647 797 1725 cognoverant,
821 1661 981 1702 summum
998 1641 1116 1724 jugum

83 1725 206 1788 montis
233 1725 413 1789 ascendere
436 1725 546 1810 jubet3
576 1724 678 1809 ⁵quid
701 1725 752 1786 sui
775 1725 903 1787 consilii
926 1725 981 1798 sit,
1006 1734 1116 1787 osten·

84 1808 141 1872 dit.
185 1809 263 1893 Ipse
287 1809 328 1873 de
352 1820 469 1894 quarta
490 1810 602 1895 vigilia
624 1808 741 1872 eodem
763 1808 885 1883 itinere,
909 1831 975 1892 quo
998 1809 1115 1872 hostes

82 1894 196 1969 ierant,
219 1893 263 1957 ad
286 1916 344 1958 eos
369 1893 538 1958 contendit
560 1895 806 1979 equitatumque
830 1916 958 1957 omnem
981 1903 1055 1956 ante
1078 1915 1115 1957 se

83 1979 189 2041 mittit.
234 1978 271 2041 P.
295 1978 481 2054 Considius
505 1980 561 2063 qui
583 1981 630 2042 rei
652 1979 800 2042 militaris
823 1979 1041 2063 peritissimus
1057 1978 1115 2040 ha-

81 2064 224 2127 bebatur
247 2070 279 2126 et
301 2065 334 2126 in
357 2065 502 2126 exercitu
524 2063 560 2127 L.
577 2064 689 2129 Sullae
713 2072 746 2127 et
767 2073 885 2147 postea
896 2066 930 2126 in
940 2063 985 2126 M.
1002 2062 1114 2126 Crassi

80 2145 199 2223 fuerat,
222 2169 296 2210 cum
318 2149 585 2232 exploratoribus
607 2149 834 2233 praemittitur.

125 2231 177 2296 22.
222 2232 350 2295 ¹Prima
371 2234 454 2307 lucc,
477 2254 577 2316 qumn
600 2255 746 2295 summus
769 2255 864 2296 mons
881 2255 901 2295 a
915 2231 954 2294 T.
966 2232 1113 2296 Labieno

81 2323 257 2391 teneretur,
294 2317 387 2400 ²ipse
410 2319 451 2382 ab
473 2317 619 2380 hostium
642 2318 759 2380 castris
781 2339 849 2380 non
871 2318 1003 2402 longius
1025 2317 1114 2380 mille

81 2409 116 2464 et
138 2400 325 2487 quingentis
348 2403 503 2486 passibus
528 2402 674 2478 abesset,
706 2424 828 2484 neque,
862 2410 899 2464 ut
931 2409 1050 2484 postea
1073 2423 1114 2465 ex

80 2486 222 2569 captivis
256 2487 429 2570 comperit,
464 2493 521 2548 aut
552 2487 657 2570 ipsius
691 2485 854 2549 adventus
888 2494 946 2549 aut
977 2485 1114 2550 Labieni

81 2571 235 2655 cognitus
259 2579 362 2645 esset,
401 2569 576 2634 Considius
600 2572 705 2653 ³equo
729 2569 875 2633 admisso
899 2571 942 2633 ad
966 2593 1037 2634 eum
1061 2592 1114 2633 ac·

81 2654 192 2729 currit,
217 2654 296 2717 dicit
317 2662 469 2730 montem,
493 2676 589 2738 quem
612 2677 631 2717 a
652 2655 798 2719 Labieno
822 2656 977 2739 occupari
999 2656 1113 2719 volue-

79 2739 132 2810 rit,
155 2740 197 2802 ab
223 2738 379 2803 hostibus
403 2741 520 2803 teneri:
543 2740 577 2802 id
601 2762 637 2802 se
659 2740 699 2802 ⁴a
722 2738 857 2802 Gallicis
887 2741 984 2803 armis
1013 2749 1113 2822 atquc

79 2823 264 2908 insignibus
288 2825 496 2947 cognovisse.
542 2823 663 2886 Caesar
696 2846 774 2886 suas
804 2825 917 2909 copias
946 2827 978 2887 in
1001 2825 1112 2908 proxi-

79 2930 168 2971 mum
192 2909 310 2972 collem
353 2909 522 2983 subducit,
551 2910 652 2971 aciem
674 2908 814 2972 instruit.
859 2910 1038 2982 LabienuS.
1076 2915 1113 2972 ut

73 3001 153 3066 ,erat
175 2994 203 3056 ei
225 3002 438 3091 praeceptum
460 3015 480 3056 a
502 2992 657 3068 Caesare,
684 3015 726 3055 ne
748 2994 909 3078 proelium
932 2993 1113 3056 committe·

80 3085 146 3150 ret,
184 3076 266 3140 “msi
299 3078 404 3162 ipsius
439 3078 554 3201 copiae
581 3099 688 3162 prope
715 3077 861 3141 hostium
889 3087 999 3141 castra
1020 3079 1112 3141 visae

80 3169 207 3236 essent,
243 3169 281 3225 ut
309 3163 454 3245 undique
507 3184 574 3225 uno
608 3170 755 3246 tempore
776 3163 810 3225 in
831 3162 947 3226 hostes
969 3165 1111 3248 impetus

80 3245 183 3320 fieret,
205 3255 317 3310 monte
341 3255 503 3330 occupato
527 3255 661 3309 nostros
686 3249 901 3331 exspectabat
916 3248 1112 3332 proelioque

79 3331 275 3394 abstinebat.
323 3331 450 3394 8Multo
475 3331 616 3413 denique
640 3332 769 3414 disper
787 3333 1014 3416 exploratores
1032 3331 1111 3394 Cae-

79 3436 135 3477 sar
169 3416 340 3500 cognmrit,
374 3424 407 3478 et
440 3423 583 3477 montem
611 3438 629 3478 a
654 3415 722 3478 suis
758 3416 860 3478 teneri
884 3424 916 3479 et
937 3415 1110 3478 Helvetios

79 3507 191 3563 castra
211 3501 357 3564 movisse
369 3507 403 3563 et
418 3499 617 3571 Considium,
641 3501 756 3562 timore
779 3501 995 3583 perterritum,
1019 3499 1111 3581 quod

77 3607 146 3647 non
168 3583 317 3659 vidisset,
339 3606 402 3668 pro
429 3585 502 3646 viso
522 3585 584 3648 sibi
599 3585 818 3647 renunciasse.
862 3583 913 3645 Eo
937 3583 999 3658 die,
1022 3584 1110 3666 lquo

78 3676 270 3742 consuerat,
303 3669 477 3731 intervallo
506 3668 622 3731 hostes
652 3669 800 3750 sequitur
830 3675 862 3730 et
885 3668 1006 3731 l⁰milia
1033 3691 1112 3753 pas-¹

78 3775 175 3817 sumn
196 3754 259 3816 tria
281 3754 323 3817 ab
347 3775 460 3816 eorum
483 3755 600 3816 castris
625 3762 733 3816 castra
755 3753 857 3835 ponit

121 3837 171 3901 23.
218 3837 404 3901 lPostridie
427 3838 499 3924 ejus
523 3838 601 3913 diei,
625 3836 715 3920 quod
740 3838 871 3901 omnino
897 3837 1033 3902 biduum
1056 3861 1111 3902 su·
