2468 4312
98 210 161 277 108
450 231 620 275 ruarmo
642 231 779 274 oanmco

140 364 190 430 25.
235 364 346 448 Husus
370 363 556 450 Hercyniae
567 364 680 428 silvae.
693 384 778 446 quae
789 384 892 446 supra
903 362 1134 429 demonstrata

97 460 158 526 est,
181 388 322 514 latiturio
344 472 463 514 novem
486 449 613 513 dierum
639 449 701 511 iter
735 450 891 532 expedito
918 456 1031 533 patet:
1065 471 1134 514 non

96 536 182 601 onim
205 537 299 600 aliter
321 535 406 598 finiri
428 543 549 618 potest,
573 534 700 616 lneque
721 554 892 597 mensuras
909 534 1063 598 itinerum
1072 555 1134 597 no-

96 629 224 684 verunt.
269 619 384 684 Oritur
406 621 448 684 ab
472 619 699 683 Helvetiorum
723 627 755 682 et
773 620 947 683 Nemetum
961 619 1134 684 etRaura·

97 726 212 770 corum
235 705 354 768 finibus
377 705 553 787 ²rectaque
576 702 717 766 fluminis
741 703 884 767 Danubii
906 705 1041 791 regione
1058 726 1134 788 per·

97 791 181 857 tinet
204 790 247 854 ad
270 791 352 853 fines
376 789 541 853 Dacorum
565 797 598 852 et
630 789 815 860 Anartiumz
850 789 926 853 hinc
959 812 998 853 se
1031 788 1136 853 flectit

97 876 315 939 sinistrorsus
340 875 480 938 diversis
504 876 545 939 ab
569 872 701 937 flumine
722 874 913 958 regionibus
942 875 1135 939 multarum·

98 981 163 1045 quo
186 961 332 1045 gentium
354 960 437 1023 fines
483 968 596 1044 ropter
618 959 872 1043 magnitudinem
890 960 1034 1045 attingit3
1057 959 1136 1023 'ne-

98 1066 164 1129 que
187 1046 362 1129 quisquam
384 1054 437 1108 est
458 981 558 1131 liujus
583 1042 784 1118 Germaniae,
807 1045 864 1127 qui
887 1066 924 1108 se
946 1054 1005 1110 aut
1021 1043 1135 1109 adisse

99 1130 143 1195 ad
164 1131 290 1193 initium
314 1129 386 1215 ejus
409 1131 513 1194 silvae
535 1129 633 1201 dicat,
655 1149 754 1211 quum
779 1129 905 1193 dierum
927 1131 989 1194 iter
1000 1153 1044 1193 tx
1055 1150 1134 1214 pro·

99 1216 246 1290 cesserit,
270 1225 327 1279 aut
349 1236 417 1298 quo
440 1237 481 1278 ex
504 1216 580 1279 loeo
604 1215 736 1284 oriatur,
759 1215 937 1299 acceperit;
966 1216 1136 1299 multaque

98 1302 133 1365 in
156 1321 196 1364 ea
216 1322 338 1385 genera
359 1299 502 1364 ferarum
524 1300 616 1363 nasci
639 1307 779 1374 constat,
801 1300 909 1382 ⁴quae
931 1300 1068 1382 reliquis
1102 1301 1137 1363 in

98 1385 183 1451 locis
206 1387 279 1449 visa
300 1407 368 1448 non
390 1386 464 1460 sint,
487 1385 672 1468 exquibus
696 1403 780 1465 quae
808 1385 946 1448 maxime
984 1383 1137 1450 differant

100 1471 142 1536 ab
167 1472 284 1534 ceteris
309 1479 341 1533 et
363 1471 538 1534 memoriae
561 1467 734 1552 prodenda
757 1469 1034 1541 videantur,haoc
1047 1478 1135 1533 sunt.

144 1555 196 1620 26.
241 1555 325 1619 ¹Est
347 1556 409 1619 bos
433 1556 521 1619 cervi
543 1554 656 1638 ligura,
679 1554 775 1639 cujus
798 1575 818 1617 a
838 1554 947 1618 media
964 1554 1074 1621 fronte
1084 1554 1137 1617 in-

99 1649 152 1707 ter
174 1662 270 1704 aures
292 1662 394 1703 unum
417 1661 520 1704 cornu
543 1639 673 1703 exsistit
695 1638 859 1703 excelsius
888 1641 1059 1726 magisque
1087 1638 1137 1703 di·

99 1735 227 1791 rectum
250 1726 310 1806 nis,
334 1747 419 1810 quae
441 1725 538 1789 nobis
561 1732 641 1787 nota
663 1732 749 1797 sunt,
772 1725 937 1789 cornibus.
966 1725 1040 1790 ²Ab
1063 1725 1137 1811 ejus

101 1832 229 1875 summo
253 1811 338 1873 siout
355 1811 483 1893 palmae
496 1810 642 1891 ramique
654 1810 718 1872 late
731 1808 968 1874 diffunduntur.
990 1810 1138 1875 ³Eadem

102 1908 155 1960 est
176 1895 315 1959 feminae
337 1897 502 1979 marisque
523 1904 654 1970 natura,
678 1894 793 1958 eadem
810 1894 917 1959 forma
928 1895 1138 1981 magnitudo·

102 2002 169 2066 que
191 2002 359 2044 cornuum.

147 2066 197 2131 27.
243 2065 348 2130 lSunt
368 2067 446 2129 item
469 2087 554 2148 quae
576 2065 786 2150 appellantur
804 2065 903 2129 alces·
926 2065 1073 2130 ²Harum
1086 2077 1139 2130 est

104 2151 283 2216 consimilis
307 2152 415 2235 capris
438 2151 544 2236 figura
567 2160 600 2214 et
622 2151 763 2214 varietas
788 2151 1000 2235 pelliumsed
1014 2153 1138 2237 magni·

103 2237 218 2301 tudine
240 2237 341 2320 paulo
363 2236 564 2300 antecedunt
585 2236 784 2318 mutilaeque
807 2247 885 2302 sunt
914 2237 1071 2302 cornibus
1105 2245 1140 2300 et

104 2322 221 2386 ³erura
242 2322 313 2384 sine
335 2321 433 2384 nodis
463 2322 677 2403 articulisque
709 2321 841 2395 habent,
874 2343 983 2405 neque
1017 2323 1138 2406 quietis

103 2428 204 2471 causa
226 2408 454 2491 procumbunt,
478 2426 593 2489 neque,
615 2406 664 2468 ‘si
687 2427 753 2488 quo
777 2406 917 2470 afflictae
942 2427 1026 2470 casu
1060 2429 1139 2471 con·

104 2492 262 2566 ciderunt,
285 2493 410 2577 erigere
434 2512 509 2555 sese
532 2499 589 2554 aut
611 2491 786 2556 sublevare
809 2502 959 2576 possunt.
986 2491 1047 2555 His
1060 2500 1140 2556 sunt

103 2579 241 2641 arbores
264 2597 325 2661 pro
349 2577 529 2641 cubilibus:
552 2576 597 2640 ad
620 2597 676 2639 eas
700 2597 736 2640 se
758 2577 927 2660 applicant
959 2586 1059 2660 atque
1091 2577 1140 2641 ita

103 2662 238 2746 paulum
260 2659 361 2724 modo
384 2662 561 2725 reclinatae
606 2662 725 2724 uietem
749 2661 891 2745 capiunt.
926 2660 1073 2740 Quarum
1096 2683 1140 2725 ex

104 2747 253 2831 vestigiis
277 2766 377 2827 quum
400 2756 453 2810 est
474 2681 739 2809 animadversum
761 2767 781 2808 a
814 2749 1036 2820 venatoribus,
1070 2768 1139 2830 quo

97 2851 142 2902 ,se
164 2831 311 2914 recipere
334 2832 531 2906 consuerint,
554 2831 694 2894 ⁵omnes
717 2852 757 2894 eo
781 2831 857 2895 loco
880 2842 938 2894 aut
959 2833 1002 2896 ab
1020 2831 1140 2895 radici-

104 2915 168 2982 bus
192 2917 357 2979 subruunt
377 2923 436 2979 aut
457 2914 612 2979 accidunt
633 2916 770 2979 arbores
794 2924 928 2991 tantum,
945 2925 991 2985 ,ut
1011 2937 1141 2980 summa

105 3000 234 3083 species
259 3021 369 3064 earum
392 3001 549 3065 stantium
569 3000 782 3083 relinquatur.
806 2999 880 3063 Huc
899 3021 1000 3083 quum
1011 3022 1049 3064 se
1061 3023 1141 3065 con-

106 3085 280 3149 suetudine
301 3086 552 3160 reclinaverunt,
573 3084 718 3149 infirmas
740 3084 877 3148 arbores
889 3085 1039 3168 pondere
1057 3085 1140 3149 aflli-

104 3181 186 3256 gunt
208 3179 307 3253 atque
330 3192 395 3233 una
416 3171 510 3255 ipsae
531 3169 717 3234 concidunt.

149 3255 198 3320 28.
244 3254 413 3319 ¹Tertium
436 3264 489 3319 est
509 3276 613 3340 genus
636 3275 758 3328 eormn,
782 3253 900 3338 quiuri
919 3255 1140 3378 apgellantur.

105 3340 149 3404 Hi
172 3347 250 3404 sunt
271 3339 494 3425 magnitudino
515 3340 615 3425 paulo
637 3337 721 3403 iufra
734 3339 941 3422 elephantos,
982 3342 1142 3424 speciest

105 3425 219 3488 colore
241 3432 275 3488 et
296 3425 402 3509 figura
425 3424 516 3488 tauri.
558 3424 680 3508 Magna
701 3425 753 3488 vis
777 3445 891 3489 eorum
913 3432 967 3487 est
977 3437 1142 3511 etmagna

106 3510 280 3573 velocitas:
303 3531 410 3592 neque
432 3509 563 3583 bomini,
586 3530 693 3592 neque
714 3507 812 3583 ferae,
835 3529 932 3591 quam
955 3530 1141 3593 conspexe-

105 3605 190 3668 runt,
213 3603 361 3678 parcunt.
406 3594 479 3658 Hos
503 3592 654 3657 studiose
675 3591 783 3656 foveis
795 3601 912 3676 captos
930 3594 1141 3659 interficiunt

106 3678 182 3743 Hoc
205 3700 242 3742 se
266 3679 379 3744 labore
401 3678 522 3742 durant
543 3676 773 3741 adolescentes
796 3687 896 3760 atque
918 3677 985 3741 hoc
1016 3699 1142 3763 genere

105 3764 290 3827 venationis
313 3772 474 3841 exercent,
497 3770 532 3825 et
553 3762 610 3844 qui
631 3762 791 3845 plurimos
815 3783 857 3825 ex
884 3762 939 3825 his
967 3761 1142 3827 interfece-

105 3856 192 3924 runt,
214 3847 325 3912 relatis
347 3847 381 3911 in
398 3846 565 3931 publicum
584 3846 750 3922 cornibus,
760 3868 845 3931 quae
863 3847 929 3910 sint
940 3847 1141 3926 testimonio,
