2468 4312
442 233 504 278 rra.
525 234 546 277 r.
592 233 660 277 car.
683 212 819 278 48-53.
1080 213 1121 279 27

89 365 210 440 stituit,
250 366 336 450 ²quo
377 365 484 429 minus
516 365 724 429 multitudine
757 365 895 429 militum
926 365 1122 452 legionario-

87 473 161 516 rum
183 472 245 535 pro
267 451 415 515 hostium
436 472 572 514 numero
594 452 741 525 valebat,
764 458 801 514 ut
823 451 866 514 ad
889 453 1033 536 speciem
1055 455 1122 519 ala·

87 537 144 601 riis
168 544 331 612 uteretur3
359 537 432 620 ipse
455 536 575 620 triplici
597 535 759 599 instructa
780 537 850 599 acie
871 559 979 620 usque
1002 539 1045 603 ad
1068 561 1122 603 ca·

87 630 158 687 stra
179 620 327 685 hostium
349 621 499 685 accessit.
543 618 651 684 ³Tum
673 621 805 685 demum
825 625 1015 686 necessario
1039 623 1121 688 Ger·

86 707 173 771 mani
196 727 276 770 suas
299 707 413 791 copias
436 706 554 769 castris
578 706 765 771 eduxerunt
785 707 1030 792 generatimque
1042 732 1121 773 con·

86 793 280 868 stituerunt,
337 792 449 855 aribus
471 791 653 855 intervallis
675 791 847 867 Harudes,
870 791 1119 870 Marcomanos,

85 876 264 953 Triboces,
304 813 508 962 dangiones,
544 877 715 952 Nemetes,
752 876 929 953 Sedusios‚
973 878 1120 954 Suevos,

85 984 281 1046 omnemque
293 963 395 1025 aciem
417 983 511 1025 suam
524 961 615 1025 redis
638 969 671 1025 et
694 963 795 1025 carris
818 963 1119 1040 circumdederimt,

83 1070 127 1112 ne
150 1069 217 1132 qua
238 1069 318 1131 spes
340 1048 374 1110 in
395 1046 475 1132 fuga
496 1048 744 1131 relinqueretur.
789 1047 861 1110 ⁴Eo
883 1049 1037 1113 mulieres
1060 1050 1118 1113 im-

84 1141 279 1218 posuerunt,
302 1154 387 1217 quae
408 1132 443 1196 in
463 1133 627 1231 proelium
647 1132 896 1217 proficiscentes
906 1133 1025 1198 milites
1040 1157 1119 1219 pas·

84 1218 133 1281 sis
155 1218 306 1281 manibus
328 1215 445 1281 flentes
467 1218 701 1302 implorabant,
729 1240 771 1281 ne
800 1239 838 1281 se
865 1219 899 1281 in
928 1220 1118 1284 servitutem

82 1301 242 1368 Romanis
264 1302 441 1366 traderent.

128 1386 179 1451 52.
225 1386 367 1451 ¹Caesar
390 1386 528 1473 singulis
550 1387 736 1472 legionibus
760 1388 908 1472 singulos
931 1388 1059 1474 legatos
1084 1397 1118 1454 et

84 1480 296 1555 quaestorem
317 1472 484 1557 praefecit,
505 1473 554 1535 uti
576 1494 635 1536 eos
658 1480 762 1535 testes
786 1494 865 1536 suae
889 1474 1029 1557 quisque
1051 1474 1117 1537 vir·

82 1559 165 1621 tutis
186 1557 340 1633 haberet3
367 1557 441 1641 ipse
469 1579 489 1621 a
522 1557 642 1620 dextro
671 1579 789 1633 cornu,
812 1557 923 1642 ²quod
948 1581 1018 1622 eam
1041 1581 1116 1643 par-

82 1650 150 1706 tem
171 1643 302 1706 minime
322 1642 449 1706 firmam
469 1642 615 1706 hostium
645 1664 719 1705 esse
742 1644 882 1705 animum
911 1643 1115 1719 adverterat,

106 1728 246 1791 roelium
268 1728 438 1791 commisit.
483 1728 554 1791 ³Ita
574 1729 680 1791 nostri
692 1728 810 1790 acriter
831 1728 865 1789 in
888 1727 1004 1791 hostes
1021 1730 1114 1814 signo

82 1748 165 1876 dato
184 1814 342 1897 impetum
364 1812 513 1877 fecerunt
533 1814 645 1895 itaque
667 1812 783 1875 hostes
805 1820 940 1896 repente
952 1813 1115 1877 celeriter·

83 1917 148 1980 que
170 1907 415 1982 procurrerunt,
436 1906 475 1961 ut
497 1899 639 1981 spatium
661 1897 730 1981 pila
750 1897 784 1960 in
806 1896 922 1961 hostes
941 1900 1115 1984 conjicien-

83 1982 118 2048 di
139 2004 207 2048 non
229 1983 374 2047 daretur.
418 1983 564 2068 Rejeetis
587 1983 663 2067 pilis
687 1984 867 2045 comminus
901 1983 1020 2067 gladiis
1054 2007 1114 2069 pu·

81 2077 217 2155 gnatum
239 2076 299 2131 est.
343 2068 389 2132 At
412 2067 566 2131 Germani
588 2068 738 2131 celeriter
749 2089 791 2130 ex
802 2068 1041 2133 consuetudine
1054 2091 1115 2134 sua

81 2153 247 2239 phalange
274 2152 363 2217 facta
390 2154 553 2237 *impetus
583 2152 767 2238 gladiorum
796 2162 1004 2236 exceperunt.
1048 2154 1113 2218 Re-

80 2238 168 2338 perti
191 2246 269 2301 sunt
291 2238 500 2322 ⁵eomplures
522 2238 629 2300 nostri
650 2238 779 2313 milites,
803 2239 859 2321 qui
880 2239 914 2300 in
929 2238 1112 2324 phalangas

80 2323 244 2386 msilirent
266 2331 298 2386 et
321 2331 416 2386 scuta
438 2323 587 2386 manibus
609 2322 807 2385 revellerent
830 2330 862 2386 et
885 2323 1029 2407 desuper
1040 2325 1112 2387 vul·

80 2415 242 2471 nerarent.
288 2406 397 2487 Quum
418 2408 564 2471 hostium
587 2408 674 2470 acies
697 2428 717 2469 a
739 2408 872 2469 sinistro
896 2429 1000 2471 cornu
1014 2410 1113 2493 pulsa

80 2501 182 2576 atque
204 2494 237 2556 in
259 2491 371 2578 fugam
394 2514 556 2556 conversa
579 2499 676 2566 esset,
699 2491 739 2554 ⁸a
762 2490 880 2554 dextro
899 2514 1002 2555 cornu
1014 2494 1112 2558 vehe-

79 2586 206 2640 menter
228 2577 436 2641 multitudine
459 2598 594 2640 suorum
616 2583 764 2639 nostram
787 2577 888 2639 aciem
909 2578 1109 2661 premebant.

79 2662 120 2726 ld
143 2683 243 2745 quum
266 2661 553 2726 animadvertisset
573 2661 712 2724 Publius
736 2659 876 2724 Crassus
899 2662 1110 2738 adolescens,

80 2748 138 2832 qui
160 2747 319 2831 equitatui
341 2754 501 2831 praeerat,
525 2746 637 2830 ²quod
660 2746 845 2829 expeditior
857 2755 935 2821 erat,
959 2768 1055 2830 quam
1067 2749 1110 2822 hi,

80 2833 137 2916 qui
158 2832 244 2895 inter
266 2833 623 2906 aciem-versabantur,
652 2832 780 2895 tertiam
808 2832 909 2895 aciem
932 2833 1110 2896 laboranti-

79 2917 143 2981 bus
165 2917 291 2980 nostris
315 2917 464 2981 subsidio
487 2916 584 2979 misit.

122 3001 173 3064 53.
216 3001 268 3067 Ita
288 3002 450 3085 proelium
461 3002 649 3064 restitutum
662 3008 721 3075 est,
744 3008 844 3084 atque
867 3022 980 3064 omnes
992 3001 1110 3065 hostes

79 3093 173 3171 terga
194 3094 364 3150 verterunt
384 3102 492 3170 neque
514 3087 607 3170 prius
629 3085 744 3169 fugere
771 3085 982 3161 destiterunt,
1012 3108 1111 3170 quam

78 3170 123 3235 ad
145 3168 266 3236 flumen
288 3170 440 3234 Rhenum
460 3171 549 3233 milia
570 3191 728 3255 passuum
757 3193 798 3234 ex
821 3193 861 3235 eo
883 3171 959 3234 loco
982 3172 1110 3235 circiter

79 3256 316 3341 quinquaginta
336 3263 565 3341 pervenerunt.
622 3255 672 3319 Ibi
705 3257 862 3339 perpauci
895 3264 952 3319 aut
984 3258 1109 3320 viribus

78 3339 196 3404 confisi
217 3348 349 3404 trenam
370 3340 611 3404 contenderunt
633 3349 690 3403 aut
711 3341 863 3405 lintribus
889 3341 1031 3404 inventis
1047 3341 1109 3404 sibi

78 3426 218 3488 salutem
240 3433 443 3509 repererunt.
486 3426 524 3489 In
545 3425 598 3487 his
620 3425 683 3489 fuit
704 3426 908 3497 AriovistuS,
939 3426 995 3508 qui
1020 3426 1109 3487 navi·

10 3572 18 3585 ‚
77 3510 185 3574 culam
209 3508 385 3595 deligatam
413 3509 457 3573 ad
484 3510 589 3594 ripam
616 3519 734 3574 nactus
764 3531 803 3572 ea
829 3508 991 3593 profugit:
1015 3509 1109 3573 lreli-

77 3616 163 3678 quos
198 3617 312 3659 omnes
347 3595 494 3679 equitatu
528 3597 697 3659 consecuti
728 3595 835 3657 nostri
866 3594 1109 3658 interfecerunt.

75 3679 191 3744 ²Duae
219 3678 353 3743 fuerunt
379 3679 538 3743 Ariovisti
565 3701 704 3754 uxores,
732 3701 798 3741 una
825 3677 935 3741 Sueva
962 3681 1108 3754 natione,

77 3785 174 3848 quam
198 3764 299 3828 domo
323 3786 434 3828 secum
458 3764 612 3839 duxerat,
634 3764 738 3826 altera
765 3763 901 3837 Norica,
929 3766 1016 3850 regis
1039 3765 1108 3828 Vo-

76 3850 195 3914 ctionis
219 3870 326 3925 soror,
349 3870 448 3935 quam
469 3849 503 3912 in
526 3847 633 3912 Gallia
655 3847 938 3914 duxeratafratre
960 3851 1108 3914 missam:
