2468 4312
394 239 455 280 ure.
478 238 532 281 vn.
577 237 645 282 cnr.
668 215 803 324 63-(ili.
1047 216 1106 283 145
1206 290 1211 297 ,

127 371 178 436 65.
224 368 297 435 ¹Ad
317 369 381 435 hos
405 392 520 434 omues
543 393 640 435 casus
662 372 797 455 provisa
823 378 915 435 erant
944 372 1108 455 praesidia

83 458 271 523 cohortium
293 456 428 520 duarum
453 466 485 519 et
507 457 628 534 viginti,
652 477 735 538 quae
758 478 798 520 ex
821 458 894 541 ipsa
905 467 1020 520 coacta
1031 479 1107 542 pro·

83 545 191 607 vincia
211 545 253 607 ab
276 543 311 606 L.
335 540 474 605 Caesare
496 542 605 624 legato
628 541 671 607 ad
693 564 807 607 omnes
830 554 939 628 partes
961 564 1107 628 oppoun-

84 631 212 694 bentur.
256 628 364 691 Helvii
387 649 448 691 sua
469 638 589 712 sponte
609 649 684 690 cum
706 628 847 691 finitimis
870 629 996 712 proelio
1031 651 1107 692 con·

83 716 192 801 gressi
215 715 381 798 pelluntur
403 725 435 776 et
458 712 542 797 Gajo
567 713 699 776 Valerio
728 713 953 786 Douuotauro,
988 713 1107 778 Caburi

84 801 161 882 lilio,
184 801 330 886 principe
352 800 501 874 civitatis,
524 799 812 883 compluribusque
835 800 905 862 aliis
928 798 1107 864 interfectis

75 888 170 951 ¹iutra
191 885 315 970 oppida
337 908 375 948 ac
396 907 508 949 muros
531 884 778 969 compelluntur.
823 886 1022 971 Allobroges
1039 907 1107 950 cro·

83 973 154 1038 bris
178 972 221 1036 ad
242 971 439 1035 Rhodanum
473 969 645 1055 dispositis
678 970 852 1055 praesidiis
885 993 1001 1056 magua
1034 993 1106 1036 cum

83 1080 165 1122 cura
186 1069 219 1122 et
241 1057 407 1142 diligentia
439 1078 520 1120 suos
554 1056 648 1133 lines,
657 1064 797 1120 tuentur.
853 1055 981 1138 Caesar,
1016 1057 1108 1140 quod

84 1145 201 1208 hostes
225 1144 371 1226 equitatu
392 1143 580 1227 superiores
603 1163 678 1206 esse
709 1142 913 1228 intelligebat
946 1153 978 1207 et
1008 1144 1107 1206 iuterss

84 1230 187 1294 clusis
211 1229 361 1292 omuibus
384 1228 553 1291 itineribus
572 1228 665 1291 nulla
687 1250 723 1291 re
745 1250 786 1292 ex
808 1229 977 1312 provincia
1009 1243 1107 1312 atque

84 1315 181 1380 ltalia
203 1315 367 1378 sublevari
391 1323 529 1398 poterat,
551 1322 642 1377 trans
675 1313 825 1377 Rhenum
846 1316 879 1377 in
903 1313 1107 1378 Germaniam

86 1401 185 1465 mittit
206 1400 249 1464 ad
272 1422 328 1463 eas
350 1400 508 1474 civitatee,
531 1399 634 1484 ²quas
657 1400 883 1484 superioribus
906 1401 1107 1485 anuispaca·

85 1496 187 1560 verat,
220 1487 412 1569 equitesque
444 1487 485 1549 ab
519 1485 570 1548 his
603 1487 741 1549 arcessit
766 1495 798 1549 ct
821 1487 902 1550 levis
926 1497 1107 1550 armaturae

85 1572 225 1658 pedites,
258 1573 314 1655 qui
345 1573 429 1634 inter
458 1593 516 1634 eos
540 1571 692 1655 proeliari
714 1580 919 1635 consuerant.
963 1571 1107 1635 ³Eorum

84 1657 238 1730 adventu,
272 1657 362 1740 quod
395 1659 500 1721 miuus
533 1656 660 1720 idoneis
690 1658 781 1740 equis
804 1659 984 1728 utebantur,
1009 1680 1029 1721 a
1055 1659 1108 1720 tri-

84 1744 182 1810 bunis
215 1743 351 1807 militum
381 1743 589 1826 reliquisque,
624 1742 684 1806 scd
707 1754 739 1806 et
761 1745 924 1826 equitibus
951 1744 1106 1807 Romanis

86 1844 184 1913 atque
207 1830 351 1893 evocatis
374 1850 478 1913 equos
501 1829 600 1891 sumit
622 1827 857 1912 Germanisque
880 1829 1053 1894 distribuit.

172 1915 223 1979 66.
266 1915 400 1987 Interea,
424 1914 501 1979 dum
524 1914 605 1978 haec
627 1924 792 2000 geruntur,
814 1915 960 1978 hostium
993 1917 1107 2000 copiae

86 2023 128 2065 ex
150 2000 305 2064 Arvernis
330 2001 529 2085 equitesque,
563 2001 619 2084 qui
651 2001 713 2064 toti
747 1999 872 2064 Galliae
895 2010 986 2065 eraut
1007 2003 1107 2086 impe-

84 2087 157 2158 rati,
180 2086 385 2150 conveniunt.
428 2088 550 2171 Magno
573 2087 689 2150 horum
712 2095 828 2151 coacto
839 2109 984 2160 numeru,
1007 2109 1107 2170 quum

87 2171 209 2236 Caesar
229 2173 262 2235 iu
286 2173 457 2255 Sequanos
480 2194 538 2257 per
561 2181 725 2236 extremos
747 2172 930 2258 Lingonum
954 2173 1034 2236 fines
1046 2175 1107 2236 iter

85 2257 216 2333 faceret,
239 2278 305 2340 quo
329 2257 454 2321 facilius
477 2258 660 2322 subsidium
681 2260 869 2341 provinciae
884 2257 960 2321 ferri
983 2267 1107 2342 posset,

87 2344 215 2408 circiter
247 2344 333 2406 milia
366 2365 523 2428 passuum
544 2368 568 2406 x
600 2346 641 2408 ab
675 2343 830 2407 Romanis
864 2345 956 2407 trinis
990 2344 1106 2406 castris

87 2430 338 2514 Vercingetorix
374 2429 525 2493 consedit
562 2431 818 2512 convocatisque
855 2430 898 2493 ad
935 2429 1107 2492 concilium

87 2515 261 2601 praefectis
285 2516 429 2598 equitum
450 2518 563 2579 uenisse
584 2527 699 2601 tempas
717 2517 863 2579 victoriae
891 2515 1107 2578 demonstra-t:

77 2603 191 2690 sapere
211 2604 245 2664 r'n
260 2603 457 2686 provinciam
477 2604 634 2665 Romanos
657 2601 821 2687 Galliaque
831 2602 986 2664 excedere:
1007 2601 1109 2663 idse‘br'

87 2689 133 2752 nd
147 2699 339 2773 praesentem
361 2688 554 2752 obtinendam
575 2689 740 2752 libertatern
760 2690 921 2771 satuens&
943 2688 986 2751 ad
999 2688 1109 2772 reliqui

88 2776 231 2859 temporis
251 2795 364 2858 pacem
397 2783 484 2859 utque
516 2777 610 2838 utinen
636 2797 754 2860 partun
781 2775 910 2864 profici:
941 2774 1108 2857 majoribus

87 2862 168 2925 enirn
191 2861 301 2923 coactis
325 2861 420 2943 copiis
440 2884 611 2924 reuersurus
631 2883 725 2948 neque
738 2861 837 2950 fineen
858 2860 991 2923 bellandi
1003 2860 1108 2946 fuctu-

87 2968 147 3009 ros.
193 2945 329 3008 Proinde
351 2946 472 3028 aprnt'ne
492 2947 649 3032 impeditos
674 2947 875 3010 adorirentur.
920 2945 978 3009 ²82·
994 2946 1109 3030 pedites

86 3033 151 3096 anis
161 3032 312 3095 cnsilium
324 3031 435 3118 ferant
454 3043 542 3118 atqne
562 3035 596 3096 in
617 3055 651 3096 eo
671 3042 832 3111 morentur,
856 3033 912 3094 iter
924 3032 1034 3116 facere
1047 3053 1109 3093 non

83 3140 191 3203 porre5
211 3119 246 3198 ei,
268 3117 304 3180 r'd
324 3118 405 3204 quod
424 3121 523 3201 mopis
534 3118 679 3205 ficturum
700 3119 838 3208 confidat,
871 3119 982 3180 relictis
1013 3119 1108 3201 irnpe-

88 3203 228 3267 dirnentis
247 3227 322 3266 utne
342 3205 435 3266 salodi
456 3205 619 3279 consulant,
642 3216 671 3268 et
689 3228 856 3268 usarernnn
869 3205 1109 3266 necessariarum

89 3301 117 3353 et
136 3290 281 3373 dipnr'tute
312 3290 475 3373 spoliatum
501 3292 550 3353 iri.
606 3291 712 3356 ³Nom
739 3290 776 3353 de
803 3290 949 3375 equitibus·
973 3289 1108 3368 hostiurn,

88 3378 163 3462 quin
184 3397 271 3438 nenw
293 3397 396 3438 eornm
412 3376 563 3459 propredi
581 3378 670 3440 modo
693 3387 779 3439 entra
801 3398 909 3459 opmen
932 3376 1049 3453 credent,
1083 3385 1111 3438 et

89 3465 172 3545 ipsos
193 3461 313 3548 quidem
324 3483 385 3523 non
400 3461 506 3524 debere
526 3462 672 3526 debitore.
716 3462 756 3526 Id
776 3483 835 3548 qno
856 3462 973 3541 majore
984 3460 1112 3545 sudant

89 3549 202 3621 animo,
225 3549 331 3631 copias
350 3570 382 3610 re
403 3569 505 3610 omnes
520 3571 583 3633 pro
606 3549 712 3612 castris
736 3547 911 3611 babituram
943 3556 971 3608 et
1001 3549 1111 3610 terrori

89 3634 221 3697 hostibus
232 3635 385 3720 pistrinam.
431 3632 643 3698 Conclamant
665 3633 801 3716 equites,
822 3633 1009 3694 sanctissimo
1023 3634 1110 3714 jore-

81 3719 222 3802 jurando
248 3721 426 3808 confirmari
462 3731 605 3804 oportere,
638 3743 677 3783 ne
698 3729 769 3782 tecto
791 3719 966 3803 recipiatur,
999 3741 1037 3782 ue
1070 3719 1112 3782 ad

90 3806 207 3884 liberos,
229 3828 268 3868 ne
289 3806 500 3890 adparentes,
522 3829 561 3869 ne
583 3806 626 3870 ad
645 3828 769 3869 rurorern
792 3803 1035 3885 oditurnlrubeut
1059 3807 1112 3891 qni

88 3914 151 3956 non
172 3893 218 3956 tir
233 3915 295 3977 per
318 3913 426 3976 aprnen
447 3892 574 3956 hortium
591 3892 815 3978 perequitasset.

933 3994 968 4044 lo
