2468 4312
452 223 513 266 um.
535 224 579 266 vr.
624 223 693 265 car.
716 200 852 267 31-34.
1070 201 1140 267 ..111

151 353 204 419 33.
249 353 396 419 ¹Partito
419 354 564 420 exercitu
586 353 626 417 T.
648 353 828 420 Labienum
850 375 924 419 cum
957 353 1142 440 legionibus

107 439 216 505 tribus
238 439 284 503 ad
306 438 475 505 Oceanum
497 461 614 504 versus
637 440 671 503 in
693 461 750 504 eas
773 448 895 538 partes,
917 461 1002 524 quac
1029 439 1142 503 Mena-

106 525 185 610 pios
207 526 382 611 attinguut,
403 525 569 612 proficisci
585 525 697 609 jubet;
721 524 837 624 Gapum
853 524 1055 589 Trebonium
1067 546 1142 589 cum

106 608 234 695 parile
259 611 369 675 'ouum
390 632 526 675 numero
549 610 592 674 ad
616 632 687 673 eam
708 632 883 710 regionem,
912 632 997 696 quae
1029 609 1142 675 Adua-

108 694 195 760 tucis
218 631 359 780 adjacet,
382 695 650 781 depopulandam
672 696 787 769 mima
808 696 880 780 ipse
902 718 976 760 cum
1004 695 1141 781 reliquis

108 781 214 845 tribus
244 781 288 846 ad
321 780 441 845 flumen
473 780 637 856 Scaldem,
669 781 782 866 ²quod
814 779 919 845 influit
946 782 981 844 in
1002 780 1142 857 Mosam,

107 876 340 951 extremasque
363 866 561 931 Arduennae
582 875 696 950 partes
718 867 765 930 ire
788 867 967 941 constituit,
985 888 1140 951 quocum

106 952 224 1036 paucis
248 952 413 1035 equitibus
437 951 622 1037 profectum
644 951 866 1037 Ambiorigem
878 950 1040 1017 audiebat.
1064 951 1141 1017 Dis·

107 1035 232 1101 cedens
250 1046 336 1187 post
357 1037 443 1102 diem
466 1038 641 1122 septimum
653 1058 728 1102 sese
738 1058 950 1103 reversurum
960 1037 1141 1114 confirmat,

106 1144 248 1207 quama
296 1122 382 1186 diem
405 1123 435 1187 ei
456 1123 585 1209 legioni,
609 1143 694 1206 quae
715 1122 749 1187 in
801 1121 944 1186 raesidio
977 1123 1140 1207 relinque·

105 1208 215 1283 batur,
237 1207 351 1273 deberi
373 1206 571 1272 frumentum
593 1208 726 1273 sciebat
770 1144 950 1272 liabienum
978 1207 1140 1274 Treboni·

106 1315 229 1378 umque
249 1293 411 1369 hortetur,
428 1294 457 1357 si
472 1294 519 1358 rei
529 1293 682 1378 publicae
694 1291 868 1357 commodo
880 1292 988 1357 facere
999 1295 1140 1379 possint,

105 1378 152 1443 ad
175 1400 249 1442 eum
272 1378 358 1443 diem
379 1387 595 1455 revertentur,
614 1378 671 1442 ³ut
681 1399 798 1443 rursus
811 1380 1049 1444 communicato
1061 1401 1140 1444 con·

106 1464 183 1528 silio
212 1464 461 1548 exploratisque
493 1464 639 1528 hostium
674 1464 856 1529 rationibus
890 1463 980 1528 aliud
1014 1465 1140 1531 initium

107 1549 187 1613 belli
208 1571 327 1673 capere
349 1558 497 1635 possent

150 1634 202 1699 34.
266 1634 356 1711 Erat,
378 1644 416 1699 ut
438 1657 541 1720 supra
568 1633 877 1710 demonstravimus,
899 1655 1016 1699 manus
1049 1643 1141 1700 certa

106 1719 208 1794 nulla,
230 1742 296 1785 non
320 1721 488 1805 oppidum,
511 1743 578 1785 non
605 1720 814 1806 praesidium,
844 1719 937 1804 quod
970 1741 1007 1784 se
1039 1721 1138 1785 armis

107 1803 309 1882 defenderet,
332 1805 448 1871 sedin
476 1827 590 1871 omues
624 1815 735 1890 partes
769 1805 920 1890 dispersa
951 1804 1138 1870 multitudo.

105 1888 173 1956 Ubi
195 1891 313 1976 cuique
335 1902 392 1955 aut
414 1891 519 1956 valles
541 1890 654 1955 abdita
675 1903 733 1955 aut
760 1892 856 1955 locus
885 1890 1048 1954 silvestris
1081 1899 1140 1955 aut

105 1976 204 2060 palus
226 1975 384 2060 impedita
405 1999 499 2062 spem
545 1975 677 2040 raesidii
698 1984 756 2041 aut
777 1976 895 2041 salutis
906 1976 1049 2061 aliquam
1060 1975 1138 2041 offe·

105 2063 208 2137 rebat,
232 2061 437 2126 consederat
481 2062 495 2100 ²
555 2083 593 2125 ec
614 2061 689 2126 loca
706 2061 927 2127 vicinitatibus
940 2069 1033 2125 erant
1049 2072 1138 2140 nota,

105 2167 323 2231 magnamque
344 2169 399 2211 res
422 2146 624 2232 diligentiam
644 2146 835 2231 requirebat
854 2168 923 2210 non
950 2147 984 2210 in
1012 2168 1139 2211 summa

105 2232 271 2296 exercitus
294 2232 419 2297 tuenda
445 2231 582 2316 (nullum
616 2232 702 2296 enim
734 2239 866 2317 poterat
898 2232 1062 2296 universis
1095 2233 1136 2296 ab

104 2318 288 2402 perterritis
311 2339 350 2382 ac
373 2318 534 2402 dispersis
556 2317 739 2402 periculum
761 2315 931 2402 accidere),
955 2316 1138 2381 sedinsin·

102 2403 192 2487 gulis
214 2403 371 2468 militibus
394 2403 646 2479 conservandis3
670 2423 754 2487 quae
776 2411 885 2466 tamen
907 2423 949 2466 ex
970 2411 1065 2486 parte
1082 2423 1137 2466 res

103 2486 148 2551 ad
171 2488 310 2552 salutem
333 2489 497 2553 exercitus
520 2489 713 2573 pertinebat.
755 2487 859 2553 ³Nam
882 2495 915 2551 et
925 2486 1069 2571 praedae
1080 2509 1137 2553 cu·

102 2572 227 2658 piditas
249 2573 372 2637 multos
395 2574 525 2659 longius
544 2574 712 2649 evocabat,
724 2581 758 2637 et
770 2572 872 2636 silvae
882 2572 1016 2636 incertis
1027 2573 1138 2637 occul·

102 2659 213 2742 tisque
236 2660 406 2724 itineribus
429 2657 701 2723 confertosadire
718 2657 946 2744 prohibebant.
968 2656 1138 2743 ⁴Sinego·

102 2744 185 2809 tium
208 2745 325 2809 confici
347 2745 550 2829 stirpemque
567 2744 734 2808 hominum
752 2744 989 2809 sceleratorum
1000 2741 1138 2806 interfici

102 2828 216 2906 vellet,
239 2828 452 2893 dimittendae
474 2830 588 2915 plures
617 2850 735 2893 manus
768 2827 1011 2912 diducendique
1045 2835 1139 2893 erant

101 2914 238 2978 milites:
261 2915 290 2979 si
313 2914 481 2979 continere
502 2914 548 2979 ad
569 2915 664 3000 signa
687 2913 872 2998 manipulos
894 2912 1003 2989 vellet,
1032 2923 1069 2977 ut
1090 2913 1138 2977 in-

103 3001 221 3064 stituta
241 3001 326 3064 ratio
339 3009 374 3064 et
384 2999 592 3065 consuetudo
605 2999 769 3064 exereitus
780 2998 921 3065 Romani
935 2999 1138 3084 postulabat,

101 3083 198 3149 locus
221 3086 294 3169 ipse
317 3093 388 3149 erat
409 3084 576 3169 praesidio
598 3085 759 3160 barbaris,
787 3105 896 3169 neque
929 3106 972 3148 ex
1004 3084 1137 3149 occulto

100 3170 280 3235 insidiandi
303 3179 336 3233 et
358 3169 531 3255 dispersos
553 3169 829 3234 circumveniendi
850 3169 989 3253 singulis
1024 3168 1139 3233 deerat

100 3254 247 3319 audacia.
270 3255 370 3329 Utin
391 3253 556 3340 ejusmodi
578 3254 836 3330 difficultatibus,
864 3254 1043 3336 ⁵quantum
1065 3254 1138 3319 dili·

99 3342 212 3426 gentia
232 3339 400 3426 provideri
433 3349 574 3424 poterat,
605 3338 851 3425 providebatur,
880 3337 937 3401 “ut
958 3340 1071 3423 potius
1104 3339 1138 3404 in

100 3425 254 3491 nocendo
277 3424 403 3508 aliquid
435 3425 750 3509 praetermitteretur,
783 3424 846 3488 etsi
868 3423 1011 3487 omnium
1039 3423 1137 3488 animi

100 3510 145 3576 ad
168 3511 393 3575 ulciscendum
415 3509 587 3585 ardebant,
615 3531 714 3594 quam
746 3531 821 3573 cum
853 3507 966 3591 aliquo
999 3509 1136 3573 militum

101 3596 298 3660 detrimento
321 3606 505 3661 noceretur.
544 3595 687 3661 Dimittit
719 3593 763 3658 ad
796 3593 949 3657 finitimas
986 3593 1136 3659 civitates

98 3681 239 3746 nuncios
262 3680 398 3745 Cacsar:
422 3701 538 3745 omnes
560 3681 607 3746 ad
627 3703 666 3745 se
694 3687 794 3743 vocat
821 3700 883 3775 spe
916 3677 1060 3762 praedae
1091 3677 1135 3744 ad

100 3765 306 3850 diripiendos
328 3765 515 3841 Eburones,
536 3775 575 3830 ut
594 3765 707 3851 potius
729 3763 762 3826 in
778 3761 872 3827 silvis
884 3760 1056 3828 Gallorum
1066 3765 1135 3829 vita

100 3872 200 3936 quam
221 3851 419 3937 legionarius
448 3850 542 3916 miles
575 3850 786 3936 periclitetur,
819 3846 918 3912 simul
949 3856 987 3913 ut
1019 3869 1135 3935 magna
