2468 4312
129 211 170 277 76
487 231 529 273 nn
551 230 654 274 asaro
676 230 813 273 eunuco

128 365 295 439 munitum,
329 386 426 450 quem
459 363 631 429 domestici
664 364 750 438 belli,
782 378 820 427 ut
847 362 1028 434 videbatur,
1053 385 1154 429 causa

125 452 195 539 jam
217 461 293 515 ante
315 461 605 535 praeparaverant:
627 450 723 513 ⁴nam
745 449 867 513 crebris
890 450 1063 514 arboribus
1079 472 1154 514 suc-

129 538 207 604 cisis
231 559 344 601 omnes
368 536 521 600 introitus
544 542 638 600 erant
658 535 831 620 praeclusi
886 535 973 620 ⁵Ipsi
996 557 1037 599 ex
1060 536 1153 600 silvis

128 624 194 688 rari
216 623 470 722 propugnabant
490 629 691 704 nostrosque
713 621 799 685 intra
819 621 1014 685 munitiones
1025 622 1154 708 ingredi

128 707 356 859 prohibebant
411 707 457 772 At
477 707 596 771 milites
625 707 764 792 legionis
797 707 954 792 septimae
986 707 1153 772 testudine

143 806 216 859 acta
239 803 272 858 et
294 815 414 880 aggere
437 792 481 857 ad
502 792 698 857 munitiones
720 792 853 878 adjecto
877 793 985 856 locum
996 803 1154 877 ceperunt

130 901 255 964 eosque
278 902 319 943 ex
341 879 434 943 silvis
457 879 655 964 expulerunt
665 878 782 962 'paucis
799 878 987 943 vulneribus
998 879 1152 964 acceptis.

129 965 199 1032 Sed
220 987 280 1030 eos
301 964 464 1052 fugientes
485 965 617 1051 lougius
641 963 762 1028 Caesar
784 966 941 1048 prosequi
973 965 1086 1040 vetut,
1121 974 1154 1029 et

130 1050 222 1201 fflrod
253 1051 319 1115 loci
351 1058 499 1115 naturam
530 1050 712 1150 ignorabat,
745 1058 779 1113 et
800 1049 890 1134 quod
920 1071 1037 1137 magna
1057 1060 1153 1135 parte

156 1138 197 1202 'ci
218 1145 414 1220 consumpta
446 1136 615 1201 munitioni
647 1146 831 1201 castrorum
862 1145 991 1221 tempus
1013 1137 1154 1222 relinqui

129 1223 272 1287 volebat.

177 1310 223 1373 10.
268 1307 455 1372 ¹Postridic
465 1307 538 1393 ejus
549 1306 615 1372 dici
629 1329 723 1372 manc
744 1307 907 1392 tripartito
928 1307 1047 1371 milites
1063 1308 1155 1391 equi·

129 1402 247 1478 tesqua
259 1395 291 1458 in
304 1393 545 1478 expeditionem
566 1393 661 1468 misit,
682 1402 721 1458 ut
742 1415 810 1467 cos,
832 1394 888 1477 qui
910 1392 1154 1478 fugerantper-

131 1491 355 1565 sequerentur.
399 1480 481 1544 ²His
503 1479 703 1564 aliquantum
717 1479 841 1543 itineris
854 1480 1040 1564 progressis
1052 1500 1154 1563 quum

125 1568 195 1653 jam
218 1567 355 1630 extremi
383 1574 494 1630 essent
521 1566 555 1629 in
583 1573 772 1649 prospectu,
805 1566 931 1648 equites
954 1586 975 1628 a
996 1563 1035 1646 Q.
1057 1565 1153 1629 Atrio

130 1652 175 1717 ad
198 1651 370 1717 Caesarem
392 1659 560 1725 venerumt,
582 1650 639 1734 qui
652 1652 851 1726 nunciarent
874 1651 1044 1736 superiore
1056 1659 1154 1715 nocte

130 1738 270 1803 maxima
292 1746 408 1802 coorta
429 1745 624 1821 tempestate
646 1758 752 1821 prope
772 1758 885 1800 omncs
900 1758 1002 1801 naves
1014 1734 1154 1801 aftlictas

132 1833 232 1908 atque
253 1824 306 1887 ³in
328 1825 424 1887 litore
445 1823 568 1908 ejectas
592 1844 675 1898 esse,
698 1822 789 1905 quod
810 1844 916 1906 neque
942 1844 1081 1887 ancorae
1102 1821 1154 1886 fu·

131 1930 258 1992 nesque
280 1910 499 1973 subsisterent
520 1930 627 1993 neque
638 1917 756 1972 nautae
770 1909 1073 1994 gubernatoresque
1088 1909 1154 1973 m'm

131 1995 336 2080 tempestatis
360 1995 429 2078 pati
450 2002 603 2079 possent:
636 1994 747 2077 itaque
780 2016 822 2057 cx
850 2015 889 2058 eo
911 2015 1075 2058 concursu
1096 2017 1154 2059 na-

132 2079 221 2144 vium
242 2101 395 2161 maguum
416 2102 491 2145 esse
514 2079 755 2144 incommodum
777 2087 955 2164 acceptum.

178 2166 226 2229 11.
270 2160 332 2229 His
354 2167 453 2230 rebus
477 2167 616 2252 cognitis
641 2165 761 2230 Caesar
783 2166 930 2251 legiones
960 2166 1154 2249 equitatum·

133 2272 197 2335 que
219 2252 367 2321 revocari
388 2262 489 2337 atquc
508 2252 543 2315 in
563 2252 677 2316 itinere
700 2252 873 2315 ¹rcsistere
889 2251 993 2337 jubet,
1015 2252 1088 2336 ipse
1111 2252 1155 2317 ad

133 2359 234 2402 naves
257 2338 443 2414 revertitur3
467 2338 581 2402 cadem
602 2336 681 2413 fere,
703 2359 788 2422 quac
810 2359 852 2400 ex
873 2338 998 2400 nunciis
1022 2338 1155 2402 litteris-

134 2443 197 2506 que
221 2433 429 2508 oognoverat,
452 2445 563 2488 coram
584 2424 753 2508 perspicit,-
773 2425 821 2488 sic
842 2433 880 2487 ut
901 2424 1029 2487 amissis
1063 2424 1154 2487 circi-

133 2517 183 2573 ter
204 2532 247 2573 xc
269 2510 407 2573 navibus
429 2510 573 2594 reliquae
595 2522 703 2573 tamem
724 2509 812 2574 refici
835 2530 935 2594 posse
946 2530 1064 2595 magno
1076 2531 1154 2594 neg·

133 2595 201 2658 otio
223 2594 420 2660 viderentur.
464 2596 598 2678 ²Itaque
620 2617 662 2658 ex
683 2596 866 2694 legionibus
898 2594 1011 2659 fabros
1041 2594 1156 2681 deligit

133 2689 167 2743 'et
189 2702 229 2744 ex
252 2681 430 2745 continenti
452 2681 536 2745 alios
559 2681 681 2744 arcessi
709 2683 821 2765 Jubet3
853 2680 998 2744 Labieno
1032 2681 1155 2756 scribit,

133 2765 191 2830 ³ut
212 2787 308 2850 quam
331 2768 489 2850 plurimas
512 2775 637 2852 posset,
658 2767 718 2829 ⁴iis
740 2766 934 2852 legionibus,
971 2788 1055 2851 quae
1077 2784 1156 2831 sunt

133 2851 222 2936 apud
245 2874 326 2925 cum,
349 2874 450 2917 naves
472 2852 629 2917 instituat
672 2851 758 2936 lpse,
781 2853 843 2916 etsi
864 2873 918 2915 res
941 2861 1011 2915 erat
1032 2852 1156 2916 multae

132 2936 273 3021 ⁵operae
295 2959 334 3002 ac
366 2937 498 3013 laboris,
531 2948 639 3003 tamen
670 2938 969 3001 commodissimum
991 2959 1065 3001 esse
1088 2948 1155 3002 sta·

132 3024 202 3097 tuit,
226 3045 338 3088 omnes
362 3045 464 3088 naves
493 3024 634 3089 subduci
655 3038 689 3087 et
711 3046 783 3088 cum
805 3024 922 3088 castris
955 3046 1020 3087 una
1052 3025 1155 3088 muni·

132 3108 221 3172 tione
243 3111 406 3196 conjungi.
450 3110 487 3174 ln
508 3110 560 3175 bis
583 3110 684 3174 rebus
706 3110 834 3174 circiter
856 3109 927 3173 dics
951 3108 1064 3173 decem
1076 3131 1155 3173 con-

133 3194 232 3257 sumit
254 3194 315 3260 ⁶ne
336 3196 507 3261 nocturnis
533 3196 665 3281 quidem
698 3196 899 3280 temporibus
932 3195 976 3258 ad
1008 3195 1154 3259 laborem

132 3280 268 3343 militum
289 3282 493 3346 intermissis.
515 3281 695 3347 Subductis
710 3282 849 3345 navibus
864 3282 1048 3362 castrisque
1063 3302 1155 3366 egre·

132 3366 184 3450 gie
207 3367 338 3431 munitis
361 3367 494 3433 casdem
516 3369 640 3453 copias,
662 3387 745 3450 quas
767 3377 851 3440 ante,
873 3366 1038 3451 praesidio
1064 3367 1155 3430 navi·

133 3452 196 3514 bus
218 3452 364 3536 reliquit3
386 3455 460 3538 ipsc
481 3453 606 3528 eodem,
633 3453 721 3517 unde
742 3451 892 3525 redierat,
925 3452 1155 3535 proficiscitur.

134 3535 185 3601 Eo
208 3559 308 3622 quum
329 3540 483 3615 venisset
517 3539 658 3623 majores
686 3538 755 3622 jam
788 3537 932 3620 undique
954 3537 986 3600 iu
1010 3559 1083 3600 eum
1105 3537 1156 3601 lo·

134 3642 207 3685 cum
229 3625 344 3709 copiae
366 3625 597 3690 Britannorum
620 3623 860 3687 'convenerant
882 3643 1007 3687 summa
1029 3622 1156 3708 imperii

134 3707 277 3791 bellique
298 3709 547 3775 administrandi
568 3709 730 3774 communi
751 3709 890 3771 consilio
913 3710 1074 3792 permissa
1094 3707 1156 3773 Ca·

136 3791 324 3871 sivellauno‚
346 3796 442 3881 cujus
469 3796 552 3860 fines
574 3817 594 3859 a
615 3795 780 3859 maritimis
814 3794 1000 3858 civitatibus
1034 3793 1156 3859 tlumen

137 3873 259 3956 dividit,
282 3882 374 3966 quod
394 3882 581 3968 appellatur
607 3879 766 3958 Tamesis,
788 3901 808 3945 a
828 3880 909 3944 mari
937 3881 1064 3945 circiter
1096 3880 1155 3945 mi-
