2468 4312
96 217 158 283 104
448 235 491 278 ns
512 235 616 278 anano
639 234 777 278 onnnrco

95 369 185 434 citati
206 368 359 453 praemiis
382 376 416 433 et
438 389 499 432 sua
520 379 641 454 sponte
652 369 745 433 multi
770 368 803 431 iu
826 364 1035 451 disciplinam
1051 386 1133 430 con-

94 456 230 519 veniunt
252 463 285 517 et
307 477 327 518 a
349 455 540 538 parentibus
563 455 825 539 propinquisque
848 454 1031 517 mittuntur.
1058 450 1134 514 Ma-

94 561 194 626 gnum
217 539 262 602 ibi
284 561 453 603 numerum
481 562 636 603 versuum
665 540 813 602 ediscere
837 538 1000 600 dicuntur.
1045 535 1134 599 ²lta·

96 646 161 709 que
183 646 288 687 annos
311 624 461 687 nonnulli
482 648 530 688 xx
550 626 584 688 in
606 624 781 708 disciplina
796 630 998 707 permanent.
1044 621 1134 687 'Ne-

96 730 161 793 que
183 708 234 772 fas
258 730 333 772 esse
356 710 544 774 existimant
565 731 604 774 ea
627 709 744 773 litteris
773 707 938 781 mandare,
972 726 1076 790 quum
1097 705 1135 770 in

95 794 232 875 reliquis
264 792 335 857 fere
366 795 481 869 rebus,
515 795 657 879 publicis
690 794 896 877 privatisque
929 791 1134 866 rationibus,

97 877 233 944 Graccis
256 879 374 942 litteris
398 887 539 943 utantur.
583 880 623 944 ld
644 879 723 943 mihi
745 878 876 942 duabus
900 876 1068 941 decausis
1083 876 1135 939 in·

96 964 246 1026 stituisse
268 963 430 1036 videntur,
453 964 546 1048 quod
566 986 674 1049 neque
695 966 729 1028 in
756 964 892 1048 vulgum
922 960 1136 1046 disciplinam

96 1048 206 1112 efferri
227 1049 330 1113 velint
352 1071 458 1134 neque
481 1071 549 1122 eos,
573 1052 628 1134 qui
656 1049 797 1123 discunt,
830 1048 948 1111 litteris
982 1045 1135 1111 confisos

96 1134 203 1199 miuus
227 1136 401 1199 memoriae
430 1134 580 1209 studere;
617 1135 731 1218 ⁴quod
758 1133 827 1198 fere
854 1133 1024 1218 plerisque
1046 1132 1135 1195 acci·

97 1219 155 1289 dit.
177 1227 216 1281 ut
237 1219 403 1302 praesidio
425 1220 606 1285 litterarum
625 1219 826 1305 diligentiam
849 1221 882 1282 in
905 1216 1136 1301 perdiscendo

97 1324 137 1367 ac
169 1307 356 1368 memoriam
389 1307 564 1369 remittant.
614 1306 652 1369 ln
679 1305 792 1388 primis
821 1304 887 1367 hoc
917 1303 1036 1366 volunt
1058 1323 1136 1385 per·

97 1386 248 1462 suadere,
269 1412 337 1453 non
359 1391 491 1454 interire
519 1391 653 1464 animas,
681 1389 743 1452 sed
770 1391 812 1455 ab
840 1389 912 1452 aliis
990 1399 1024 1451 st
1045 1407 1136 1450 mor-

97 1485 163 1537 tem
186 1475 326 1537 transire
349 1475 393 1538 ad
415 1475 515 1550 alios3
538 1475 656 1559 ⁵atque
679 1473 744 1537 hoc
766 1475 936 1538 maximea
976 1473 1136 1535 virtutem

98 1557 234 1622 excitari
244 1568 370 1642 putant,
393 1569 481 1624 metu
496 1560 611 1623 mortis
634 1559 794 1643 neglecto.
838 1558 946 1621 lllulta
960 1566 1137 1641 praeterea

98 1642 141 1707 de
164 1642 328 1708 sideribus
351 1655 451 1728 atque
479 1666 591 1708 eorum
619 1654 719 1718 motu,
750 1644 792 1709 de
820 1642 933 1706 mundi
962 1663 1002 1705 ac
1030 1650 1137 1705 terra·

97 1748 171 1794 rum
192 1729 424 1814 magnitudine,
447 1729 490 1794 de
511 1751 619 1794 rerum
641 1738 765 1803 natura
788 1728 831 1792 de
846 1728 985 1791 deorum
1000 1727 1137 1790 immor-

98 1813 211 1877 talium
234 1815 267 1876 vi
290 1836 329 1877 ac
351 1823 517 1898 potestate
539 1813 711 1897 disputant
734 1821 766 1877 et
783 1814 951 1898 juventuti
963 1811 1112 1876 uadunt.

145 1897 193 1961 15.
237 1899 407 1962 lAlterum
434 1921 539 1984 genus
573 1907 625 1962 est
654 1899 809 1980 equitum.
858 1899 918 1970 Hi,
948 1919 1051 1981 quum
1083 1904 1138 1961 est

98 2002 182 2047 usus
215 1990 315 2066 atque
348 1983 485 2066 aliquod
515 1983 638 2050 bellum
671 1983 785 2046 incidit
817 1983 924 2066 (quod
957 1983 1028 2046 fere
1058 1994 1138 2046 ante

101 2065 253 2131 Caesaris
285 2067 463 2132 adventum
495 2068 672 2152 quotannis
706 2067 855 2131 accidere
888 2069 1033 2133 solebat.
1066 2068 1139 2132 ²uti

101 2159 158 2215 aut
190 2151 255 2235 ipsi
286 2153 422 2236 injurias
454 2152 612 2217 inferrent
643 2159 701 2216 aut
731 2153 840 2217 illatas
875 2152 1139 2236 propulsarent),

101 2257 215 2300 omnes
237 2237 271 2300 in
292 2238 382 2302 bello
404 2246 586 2309 versantur,
609 2246 709 2320 atque
731 2259 843 2301 eorum
866 2245 904 2301 ut
927 2238 1072 2320 quisque
1085 2245 1141 2302 est

100 2341 221 2407 genere
244 2323 415 2406 copiisque
437 2322 667 2406 amplissimus,
695 2322 741 2384 ita
766 2322 928 2406 plurinios
950 2323 1077 2386 circum
1100 2344 1140 2386 sc

101 2408 271 2471 ambactos
294 2407 496 2490 clientesque
516 2406 627 2471 habet
671 2406 786 2470 ‘Hanc
807 2429 905 2471 unam
919 2407 1062 2492 gratiam
1078 2428 1140 2492 po·

101 2493 302 2575 tentiamque
322 2503 495 2555 noverunt.
1062 2532 1074 2551 .

148 2576 196 2639 16.
241 2577 359 2641 ¹Natio
382 2587 435 2640 est
457 2576 600 2640 omnium
624 2574 795 2639 Gallorum
817 2575 998 2640 admodum
1022 2576 1142 2641 dedita

101 2660 323 2744 religionibus,
351 2669 451 2743 atque
474 2663 517 2725 ob
551 2681 623 2723 eam
648 2681 790 2733 causam,
824 2662 881 2743 qui
915 2669 996 2725 sunt
1028 2661 1141 2727 affecti

102 2745 309 2830 gravioribus
332 2747 455 2809 morbis
479 2746 601 2828 quique
623 2744 656 2807 iu
679 2745 814 2828 proeliis
826 2746 1052 2829 periculisque
1064 2769 1141 2810 ver·

103 2837 226 2902 santur,
249 2839 306 2893 aut
326 2851 388 2914 pro
411 2831 551 2895 victimis
574 2829 723 2892 homines
744 2829 915 2893 immolant
937 2839 996 2894 aut
1018 2851 1057 2894 se
1080 2832 1141 2896 im·

101 2914 285 2978 molaturos
307 2924 433 2979 vovent
453 2914 721 2996 administrisque
743 2913 787 2976 ad
810 2935 848 2976 ea
871 2914 1035 2978 sacrificia
1047 2915 1142 2981 drui-

103 2997 201 3063 dibus
224 3007 369 3074 utuntur,
390 2999 492 3083 quod,
525 3019 587 3082 pro
619 2998 688 3060 vita
719 2996 860 3060 hominis
893 3000 958 3061 nisi
992 2999 1141 3066 hominis

101 3083 170 3146 vita
191 3082 358 3158 reddatur,
380 3105 447 3148 non
471 3080 732 3168 possedeorum
755 3082 987 3146 immortalium
1015 3106 1142 3149 numen

101 3168 226 3264 placari
247 3170 461 3242 arbitrantur3
484 3165 681 3291 publiceque
704 3167 851 3249 ejusdem
868 3168 999 3250 generis
1011 3167 1143 3235 habent

101 3255 251 3317 metituta
273 3253 441 3318 sacrificia.
505 3250 572 3315 Alii
592 3250 723 3313 immani
748 3250 973 3334 magnitudine
1002 3252 1143 3318 simula-

101 3356 158 3402 cra
178 3338 310 3413 habent,
333 3359 474 3422 quorum
495 3341 653 3400 contexta
673 3335 847 3398 viminibus
876 3337 1026 3400 membra
1052 3339 1142 3403 vivis

102 3418 288 3488 hominibus
305 3422 479 3506 complent,
502 3419 622 3501 quibus
634 3420 803 3482 succensis
815 3419 1032 3484 circumventi
1046 3421 1143 3488 flam·

101 3525 155 3568 ma
183 3509 407 3571 exanimantur
435 3505 594 3569 homines.
645 3501 835 3586 'Supplicia
861 3524 987 3580 eorum,
1016 3508 1077 3590 qui
1106 3508 1144 3572 in

101 3585 190 3654 furto
214 3601 278 3655 ant·
291 3594 325 3656 in
349 3591 520 3655 latrocinio
549 3594 607 3650 aut
634 3586 744 3669 aliqua
771 3608 861 3651 noxa
888 3589 957 3651 sint
986 3610 1143 3675 compre·

103 3669 205 3750 hausi,
227 3678 371 3761 gratiora
393 3675 457 3739 diis
479 3670 717 3737 immortalibus
741 3692 816 3734 esse
833 3671 1052 3749 arbitrantur3
1077 3675 1143 3740 sed

103 3773 202 3836 quum
225 3761 298 3845 ejus
320 3761 449 3845 generis
472 3756 569 3840 copia
591 3754 720 3830 defecit,
751 3756 870 3820 ⁴ctiam
902 3755 947 3822 ad
979 3757 1142 3828 inuocem

102 3839 184 3905 tium
204 3845 367 3930 supplicia
389 3840 604 3909 descendunt
