<?xml version="1.0" encoding="UTF-8"?>
<!DOCTYPE html PUBLIC "-//W3C//DTD XHTML 1.0 Transitional//EN"
    "http://www.w3.org/TR/xhtml1/DTD/xhtml1-transitional.dtd">
<html xmlns="http://www.w3.org/1999/xhtml" xml:lang="en" lang="en">
 <head>
  <title>
</title>
<meta http-equiv="Content-Type" content="text/html;charset=utf-8" />
  <meta name='ocr-system' content='tesseract 3.04.00' />
  <meta name='ocr-capabilities' content='ocr_page ocr_carea ocr_par ocr_line ocrx_word'/>
</head>
<body>
  <div class='ocr_page' id='page_1' title='image "./cjuliicaesarisc00friggoog_0018.png"; bbox 0 0 2468 4312; ppageno 0'>
   <div class='ocr_carea' id='block_1_1' title="bbox 363 657 893 902">
    <p class='ocr_par' dir='ltr' id='par_1_1' title="bbox 363 657 893 902">
     <span class='ocr_line' id='line_1_1' title="bbox 363 657 893 757; baseline 0.011 -6"><span class='ocrx_word' id='word_1_1' title='bbox 363 657 400 753; x_wconf 85' lang='lat' dir='ltr'><strong>C.</strong></span> <span class='ocrx_word' id='word_1_2' title='bbox 439 661 588 754; x_wconf 81' lang='lat' dir='ltr'><strong>JULII</strong></span> <span class='ocrx_word' id='word_1_3' title='bbox 624 659 893 757; x_wconf 76' lang='lat' dir='ltr'><strong>CAESARIS</strong></span> 
     </span>
     <span class='ocr_line' id='line_1_2' title="bbox 420 833 825 902; baseline 0.01 -6"><span class='ocrx_word' id='word_1_4' title='bbox 420 833 825 902; x_wconf 75' lang='lat' dir='ltr'><strong>·couucurnuu</strong></span> 
     </span>
    </p>
   </div>
   <div class='ocr_carea' id='block_1_2' title="bbox 241 1115 1008 1225">
    <p class='ocr_par' dir='ltr' id='par_1_2' title="bbox 241 1115 1008 1225">
     <span class='ocr_line' id='line_1_3' title="bbox 241 1115 1008 1225; baseline 0.007 -6"><span class='ocrx_word' id='word_1_5' title='bbox 241 1115 539 1222; x_wconf 79' lang='lat' dir='ltr'>BELLO</span> <span class='ocrx_word' id='word_1_6' title='bbox 590 1116 1008 1225; x_wconf 80' lang='lat' dir='ltr'><strong>GALLIOO.</strong></span> 
     </span>
    </p>
   </div>
   <div class='ocr_carea' id='block_1_3' title="bbox 523 1489 730 1556">
    <p class='ocr_par' dir='ltr' id='par_1_3' title="bbox 523 1489 730 1556">
     <span class='ocr_line' id='line_1_4' title="bbox 523 1489 730 1556; baseline -0.005 0"><span class='ocrx_word' id='word_1_7' title='bbox 523 1489 680 1556; x_wconf 84' lang='lat' dir='ltr'>LIBER</span> <span class='ocrx_word' id='word_1_8' title='bbox 706 1492 730 1556; x_wconf 87' lang='lat'><strong>1.</strong></span> 
     </span>
    </p>
   </div>
   <div class='ocr_carea' id='block_1_4' title="bbox 96 1660 1137 3867">
    <p class='ocr_par' dir='ltr' id='par_1_4' title="bbox 96 1660 1137 3867">
     <span class='ocr_line' id='line_1_5' title="bbox 149 1660 1137 1746; baseline 0.001 -22"><span class='ocrx_word' id='word_1_9' title='bbox 149 1663 176 1725; x_wconf 93' lang='grc'><strong>1.</strong></span> <span class='ocrx_word' id='word_1_10' title='bbox 222 1660 352 1724; x_wconf 89' lang='lat' dir='ltr'><strong>¹Gallia</strong></span> <span class='ocrx_word' id='word_1_11' title='bbox 374 1670 426 1726; x_wconf 88' lang='lat' dir='ltr'><strong>est</strong></span> <span class='ocrx_word' id='word_1_12' title='bbox 447 1664 552 1726; x_wconf 91' lang='lat' dir='ltr'><strong>omnis</strong></span> <span class='ocrx_word' id='word_1_13' title='bbox 577 1662 683 1726; x_wconf 86' lang='lat' dir='ltr'><strong>divisa</strong></span> <span class='ocrx_word' id='word_1_14' title='bbox 704 1663 737 1725; x_wconf 93' lang='lat' dir='ltr'><strong>in</strong></span> <span class='ocrx_word' id='word_1_15' title='bbox 759 1670 871 1746; x_wconf 89' lang='lat' dir='ltr'><strong>partes</strong></span> <span class='ocrx_word' id='word_1_16' title='bbox 895 1669 972 1737; x_wconf 75' lang='lat' dir='ltr'><strong>tres</strong></span> <span class='ocrx_word' id='word_1_17' title='bbox 1000 1682 1137 1744; x_wconf 87' lang='lat' dir='ltr'><strong>quarum</strong></span> 
     </span>
     <span class='ocr_line' id='line_1_6' title="bbox 96 1747 1137 1896; baseline 0 -86"><span class='ocrx_word' id='word_1_18' title='bbox 96 1769 201 1810; x_wconf 91' lang='lat' dir='ltr'><strong>unam</strong></span> <span class='ocrx_word' id='word_1_19' title='bbox 223 1748 372 1810; x_wconf 92' lang='lat' dir='ltr'><strong>incolunt</strong></span> <span class='ocrx_word' id='word_1_20' title='bbox 398 1747 533 1896; x_wconf 57' lang='grc' dir='ltr'>Βθίῗθθ,</span> <span class='ocrx_word' id='word_1_21' title='bbox 563 1747 678 1810; x_wconf 78' lang='lat' dir='ltr'><strong>²aliam</strong></span> <span class='ocrx_word' id='word_1_22' title='bbox 705 1747 875 1830; x_wconf 87' lang='lat' dir='ltr'><strong>Aquitani,</strong></span> <span class='ocrx_word' id='word_1_23' title='bbox 905 1747 1046 1822; x_wconf 75' lang='lat' dir='ltr'>tertiam,</span> <span class='ocrx_word' id='word_1_24' title='bbox 1080 1749 1137 1831; x_wconf 92' lang='lat' dir='ltr'><strong>qui</strong></span> 
     </span>
     <span class='ocr_line' id='line_1_7' title="bbox 99 1831 1137 1916; baseline 0.002 -22"><span class='ocrx_word' id='word_1_25' title='bbox 99 1833 253 1915; x_wconf 89' lang='lat' dir='ltr'><strong>ipsorum</strong></span> <span class='ocrx_word' id='word_1_26' title='bbox 275 1833 386 1916; x_wconf 83' lang='lat' dir='ltr'><strong>lingua</strong></span> <span class='ocrx_word' id='word_1_27' title='bbox 415 1832 459 1895; x_wconf 87' lang='lat' dir='ltr'><strong>Ce</strong></span> <span class='ocrx_word' id='word_1_28' title='bbox 473 1842 540 1907; x_wconf 83' lang='lat' dir='ltr'><strong>tae,</strong></span> <span class='ocrx_word' id='word_1_29' title='bbox 569 1843 684 1895; x_wconf 88' lang='lat' dir='ltr'><strong>nostra</strong></span> <span class='ocrx_word' id='word_1_30' title='bbox 714 1831 801 1895; x_wconf 86' lang='lat' dir='ltr'><strong>Galli</strong></span> <span class='ocrx_word' id='word_1_31' title='bbox 830 1833 1045 1916; x_wconf 77' lang='lat' dir='ltr'><strong>appellantur.</strong></span> <span class='ocrx_word' id='word_1_32' title='bbox 1091 1833 1137 1898; x_wconf 92' lang='lat' dir='ltr'><strong>Hi</strong></span> 
     </span>
     <span class='ocr_line' id='line_1_8' title="bbox 101 1916 1134 2002; baseline 0.003 -24"><span class='ocrx_word' id='word_1_33' title='bbox 101 1938 220 1979; x_wconf 90' lang='lat' dir='ltr'><strong>omnes</strong></span> <span class='ocrx_word' id='word_1_34' title='bbox 255 1917 382 2001; x_wconf 85' lang='lat' dir='ltr'><strong>lingua,</strong></span> <span class='ocrx_word' id='word_1_35' title='bbox 416 1918 589 1992; x_wconf 83' lang='lat' dir='ltr'><strong>institutis,</strong></span> <span class='ocrx_word' id='word_1_36' title='bbox 623 1918 751 2002; x_wconf 83' lang='lat' dir='ltr'><strong>legibus</strong></span> <span class='ocrx_word' id='word_1_37' title='bbox 784 1919 869 1981; x_wconf 88' lang='lat' dir='ltr'><strong>inter</strong></span> <span class='ocrx_word' id='word_1_38' title='bbox 903 1939 939 1981; x_wconf 88' lang='lat' dir='ltr'><strong>se</strong></span> <span class='ocrx_word' id='word_1_39' title='bbox 973 1916 1134 1981; x_wconf 88' lang='lat' dir='ltr'><strong>differunt.</strong></span> 
     </span>
     <span class='ocr_line' id='line_1_9' title="bbox 103 2000 1135 2087; baseline 0.002 -24"><span class='ocrx_word' id='word_1_40' title='bbox 103 2000 223 2064; x_wconf 86' lang='lat' dir='ltr'><strong>Gallos</strong></span> <span class='ocrx_word' id='word_1_41' title='bbox 257 2003 297 2066; x_wconf 87' lang='lat' dir='ltr'><strong>ab</strong></span> <span class='ocrx_word' id='word_1_42' title='bbox 331 2002 505 2085; x_wconf 88' lang='lat' dir='ltr'><strong>Aquitanis</strong></span> <span class='ocrx_word' id='word_1_43' title='bbox 536 2001 702 2065; x_wconf 84' lang='lat' dir='ltr'><strong>Garumna</strong></span> <span class='ocrx_word' id='word_1_44' title='bbox 729 2001 864 2076; x_wconf 83' lang='lat' dir='ltr'><strong>fiumen,</strong></span> <span class='ocrx_word' id='word_1_45' title='bbox 888 2023 908 2064; x_wconf 91' lang='lat' dir='ltr'><strong>a</strong></span> <span class='ocrx_word' id='word_1_46' title='bbox 929 2002 1040 2087; x_wconf 80' lang='lat' dir='ltr'><strong>Belgis</strong></span> <span class='ocrx_word' id='word_1_47' title='bbox 1063 2002 1135 2065; x_wconf 90' lang='lat' dir='ltr'><strong>Ma-</strong></span> 
     </span>
     <span class='ocr_line' id='line_1_10' title="bbox 101 2085 1134 2170; baseline 0.002 -22"><span class='ocrx_word' id='word_1_48' title='bbox 101 2095 202 2149; x_wconf 87' lang='lat' dir='ltr'><strong>trona</strong></span> <span class='ocrx_word' id='word_1_49' title='bbox 236 2094 269 2148; x_wconf 89' lang='lat' dir='ltr'><strong>et</strong></span> <span class='ocrx_word' id='word_1_50' title='bbox 300 2086 453 2170; x_wconf 87' lang='lat' dir='ltr'><strong>Sequana</strong></span> <span class='ocrx_word' id='word_1_51' title='bbox 475 2087 621 2150; x_wconf 84' lang='lat' dir='ltr'><strong>³dividit.</strong></span> <span class='ocrx_word' id='word_1_52' title='bbox 672 2086 800 2151; x_wconf 90' lang='lat' dir='ltr'><strong>Horum</strong></span> <span class='ocrx_word' id='word_1_53' title='bbox 827 2088 990 2150; x_wconf 84' lang='lat' dir='ltr'><strong>⁴omnium</strong></span> <span class='ocrx_word' id='word_1_54' title='bbox 1023 2085 1134 2150; x_wconf 83' lang='lat' dir='ltr'><strong>fortis-</strong></span> 
     </span>
     <span class='ocr_line' id='line_1_11' title="bbox 102 2170 1134 2257; baseline 0.002 -23"><span class='ocrx_word' id='word_1_55' title='bbox 102 2171 178 2234; x_wconf 87' lang='lat' dir='ltr'>simi</span> <span class='ocrx_word' id='word_1_56' title='bbox 202 2180 279 2234; x_wconf 89' lang='lat' dir='ltr'><strong>sunt</strong></span> <span class='ocrx_word' id='word_1_57' title='bbox 299 2170 435 2256; x_wconf 81' lang='lat' dir='ltr'><strong>Belgae,</strong></span> <span class='ocrx_word' id='word_1_58' title='bbox 459 2180 635 2257; x_wconf 89' lang='lat' dir='ltr'><strong>propterea</strong></span> <span class='ocrx_word' id='word_1_59' title='bbox 662 2172 754 2255; x_wconf 90' lang='lat' dir='ltr'><strong>quod</strong></span> <span class='ocrx_word' id='word_1_60' title='bbox 776 2173 817 2235; x_wconf 84' lang='lat' dir='ltr'><strong>⁵a</strong></span> <span class='ocrx_word' id='word_1_61' title='bbox 838 2173 929 2235; x_wconf 87' lang='lat' dir='ltr'><strong>cultu</strong></span> <span class='ocrx_word' id='word_1_62' title='bbox 952 2181 1051 2255; x_wconf 89' lang='lat' dir='ltr'><strong>atque</strong></span> <span class='ocrx_word' id='word_1_63' title='bbox 1074 2172 1134 2236; x_wconf 93' lang='lat' dir='ltr'><strong>hu-</strong></span> 
     </span>
     <span class='ocr_line' id='line_1_12' title="bbox 101 2257 1134 2343; baseline 0.003 -25"><span class='ocrx_word' id='word_1_64' title='bbox 101 2257 257 2319; x_wconf 89' lang='lat' dir='ltr'><strong>manitate</strong></span> <span class='ocrx_word' id='word_1_65' title='bbox 279 2259 467 2340; x_wconf 87' lang='lat' dir='ltr'><strong>provinciae</strong></span> <span class='ocrx_word' id='word_1_66' title='bbox 489 2258 680 2343; x_wconf 77' lang='lat' dir='ltr'><strong>longissime</strong></span> <span class='ocrx_word' id='word_1_67' title='bbox 708 2259 842 2333; x_wconf 86' lang='lat' dir='ltr'><strong>absunt,</strong></span> <span class='ocrx_word' id='word_1_68' title='bbox 875 2257 1068 2340; x_wconf 87' lang='lat' dir='ltr'><strong>minimeque</strong></span> <span class='ocrx_word' id='word_1_69' title='bbox 1091 2257 1134 2321; x_wconf 86' lang='lat' dir='ltr'><strong>ad</strong></span> 
     </span>
     <span class='ocr_line' id='line_1_13' title="bbox 103 2343 1134 2427; baseline 0.004 -24"><span class='ocrx_word' id='word_1_70' title='bbox 103 2363 162 2404; x_wconf 92' lang='lat' dir='ltr'><strong>eos</strong></span> <span class='ocrx_word' id='word_1_71' title='bbox 197 2350 395 2405; x_wconf 82' lang='lat' dir='ltr'><strong>mercat-ores</strong></span> <span class='ocrx_word' id='word_1_72' title='bbox 425 2364 525 2427; x_wconf 86' lang='lat' dir='ltr'><strong>saepe</strong></span> <span class='ocrx_word' id='word_1_73' title='bbox 553 2350 735 2406; x_wconf 87' lang='lat' dir='ltr'><strong>commeant</strong></span> <span class='ocrx_word' id='word_1_74' title='bbox 763 2353 862 2425; x_wconf 91' lang='lat' dir='ltr'><strong>atque</strong></span> <span class='ocrx_word' id='word_1_75' title='bbox 891 2364 943 2417; x_wconf 83' lang='lat' dir='ltr'><strong>ea,</strong></span> <span class='ocrx_word' id='word_1_76' title='bbox 973 2363 1057 2425; x_wconf 91' lang='lat' dir='ltr'><strong>quae</strong></span> <span class='ocrx_word' id='word_1_77' title='bbox 1091 2343 1134 2407; x_wconf 91' lang='lat' dir='ltr'><strong>ad</strong></span> 
     </span>
     <span class='ocr_line' id='line_1_14' title="bbox 103 2426 1133 2512; baseline 0.004 -24"><span class='ocrx_word' id='word_1_78' title='bbox 103 2426 337 2490; x_wconf 86' lang='lat' dir='ltr'><strong>effeminandos</strong></span> <span class='ocrx_word' id='word_1_79' title='bbox 350 2428 475 2490; x_wconf 88' lang='lat' dir='ltr'><strong>animos</strong></span> <span class='ocrx_word' id='word_1_80' title='bbox 497 2428 669 2512; x_wconf 81' lang='lat' dir='ltr'><strong>pertinent,</strong></span> <span class='ocrx_word' id='word_1_81' title='bbox 691 2429 883 2512; x_wconf 83' lang='lat' dir='ltr'><strong>important3</strong></span> <span class='ocrx_word' id='word_1_82' title='bbox 907 2427 1133 2512; x_wconf 80' lang='lat' dir='ltr'><strong>⁶proximique</strong></span> 
     </span>
     <span class='ocr_line' id='line_1_15' title="bbox 102 2509 1133 2595; baseline 0.002 -21"><span class='ocrx_word' id='word_1_83' title='bbox 102 2521 181 2574; x_wconf 90' lang='lat' dir='ltr'><strong>sunt</strong></span> <span class='ocrx_word' id='word_1_84' title='bbox 205 2509 385 2586; x_wconf 71' lang='lat' dir='ltr'><strong>Germanis</strong></span> <span class='ocrx_word' id='word_1_85' title='bbox 409 2513 464 2595; x_wconf 89' lang='lat' dir='ltr'><strong>qui</strong></span> <span class='ocrx_word' id='word_1_86' title='bbox 487 2522 577 2576; x_wconf 87' lang='lat' dir='ltr'><strong>trans</strong></span> <span class='ocrx_word' id='word_1_87' title='bbox 600 2513 752 2576; x_wconf 84' lang='lat' dir='ltr'><strong>Rhenum</strong></span> <span class='ocrx_word' id='word_1_88' title='bbox 766 2514 921 2587; x_wconf 89' lang='lat' dir='ltr'><strong>incolunt,</strong></span> <span class='ocrx_word' id='word_1_89' title='bbox 938 2513 1133 2595; x_wconf 86' lang='lat' dir='ltr'><strong>quibuscum</strong></span> 
     </span>
     <span class='ocr_line' id='line_1_16' title="bbox 102 2598 1132 2683; baseline 0.002 -24"><span class='ocrx_word' id='word_1_90' title='bbox 102 2598 307 2660; x_wconf 81' lang='lat' dir='ltr'><strong>continenter</strong></span> <span class='ocrx_word' id='word_1_91' title='bbox 328 2598 452 2662; x_wconf 90' lang='lat' dir='ltr'><strong>bellum</strong></span> <span class='ocrx_word' id='word_1_92' title='bbox 473 2606 605 2683; x_wconf 84' lang='lat' dir='ltr'><strong>gerunt:</strong></span> <span class='ocrx_word' id='word_1_93' title='bbox 629 2618 695 2680; x_wconf 91' lang='lat' dir='ltr'><strong>qua</strong></span> <span class='ocrx_word' id='word_1_94' title='bbox 717 2598 759 2662; x_wconf 89' lang='lat' dir='ltr'><strong>de</strong></span> <span class='ocrx_word' id='word_1_95' title='bbox 782 2620 882 2661; x_wconf 88' lang='lat' dir='ltr'><strong>causa</strong></span> <span class='ocrx_word' id='word_1_96' title='bbox 896 2598 1039 2661; x_wconf 83' lang='lat' dir='ltr'><strong>Helvetii</strong></span> <span class='ocrx_word' id='word_1_97' title='bbox 1052 2618 1132 2681; x_wconf 90' lang='lat' dir='ltr'><strong>quo-</strong></span> 
     </span>
     <span class='ocr_line' id='line_1_17' title="bbox 102 2680 1131 2767; baseline 0.003 -24"><span class='ocrx_word' id='word_1_98' title='bbox 102 2703 167 2764; x_wconf 90' lang='lat' dir='ltr'><strong>que</strong></span> <span class='ocrx_word' id='word_1_99' title='bbox 201 2681 348 2764; x_wconf 91' lang='lat' dir='ltr'><strong>reliquos</strong></span> <span class='ocrx_word' id='word_1_100' title='bbox 384 2680 499 2745; x_wconf 85' lang='lat' dir='ltr'><strong>Gallos</strong></span> <span class='ocrx_word' id='word_1_101' title='bbox 533 2684 654 2746; x_wconf 89' lang='lat' dir='ltr'><strong>virtute</strong></span> <span class='ocrx_word' id='word_1_102' title='bbox 687 2683 903 2767; x_wconf 88' lang='lat' dir='ltr'><strong>praecedunt,</strong></span> <span class='ocrx_word' id='word_1_103' title='bbox 938 2682 1030 2767; x_wconf 92' lang='lat' dir='ltr'><strong>quod</strong></span> <span class='ocrx_word' id='word_1_104' title='bbox 1062 2682 1131 2746; x_wconf 88' lang='lat' dir='ltr'><strong>fere</strong></span> 
     </span>
     <span class='ocr_line' id='line_1_18' title="bbox 101 2765 1132 2850; baseline 0.002 -22"><span class='ocrx_word' id='word_1_105' title='bbox 101 2765 323 2848; x_wconf 80' lang='lat' dir='ltr'><strong>⁷quotidianis</strong></span> <span class='ocrx_word' id='word_1_106' title='bbox 340 2767 474 2850; x_wconf 89' lang='lat' dir='ltr'><strong>proeliis</strong></span> <span class='ocrx_word' id='word_1_107' title='bbox 494 2789 568 2830; x_wconf 92' lang='lat' dir='ltr'><strong>cum</strong></span> <span class='ocrx_word' id='word_1_108' title='bbox 583 2766 754 2831; x_wconf 87' lang='lat' dir='ltr'><strong>Germanis</strong></span> <span class='ocrx_word' id='word_1_109' title='bbox 778 2767 988 2842; x_wconf 89' lang='lat' dir='ltr'><strong>contendunt,</strong></span> <span class='ocrx_word' id='word_1_110' title='bbox 1012 2768 1132 2850; x_wconf 81' lang='lat' dir='ltr'><strong>⁸quum</strong></span> 
     </span>
     <span class='ocr_line' id='line_1_19' title="bbox 101 2851 1130 2937; baseline 0.002 -25"><span class='ocrx_word' id='word_1_111' title='bbox 101 2860 158 2914; x_wconf 88' lang='lat' dir='ltr'><strong>aut</strong></span> <span class='ocrx_word' id='word_1_112' title='bbox 182 2852 252 2913; x_wconf 92' lang='lat' dir='ltr'><strong>suis</strong></span> <span class='ocrx_word' id='word_1_113' title='bbox 275 2851 394 2915; x_wconf 88' lang='lat' dir='ltr'><strong>finibus</strong></span> <span class='ocrx_word' id='word_1_114' title='bbox 419 2873 477 2914; x_wconf 89' lang='lat' dir='ltr'><strong>eos</strong></span> <span class='ocrx_word' id='word_1_115' title='bbox 500 2852 691 2936; x_wconf 89' lang='lat' dir='ltr'><strong>prohibent,</strong></span> <span class='ocrx_word' id='word_1_116' title='bbox 715 2860 772 2915; x_wconf 89' lang='lat' dir='ltr'><strong>aut</strong></span> <span class='ocrx_word' id='word_1_117' title='bbox 793 2853 857 2937; x_wconf 91' lang='lat' dir='ltr'><strong>ipsi</strong></span> <span class='ocrx_word' id='word_1_118' title='bbox 879 2853 912 2915; x_wconf 91' lang='lat' dir='ltr'><strong>in</strong></span> <span class='ocrx_word' id='word_1_119' title='bbox 935 2873 1048 2915; x_wconf 88' lang='lat' dir='ltr'><strong>eorum</strong></span> <span class='ocrx_word' id='word_1_120' title='bbox 1060 2852 1130 2914; x_wconf 91' lang='lat' dir='ltr'><strong>fini·</strong></span> 
     </span>
     <span class='ocr_line' id='line_1_20' title="bbox 100 2935 1131 3021; baseline 0 -23"><span class='ocrx_word' id='word_1_121' title='bbox 100 2935 164 2999; x_wconf 89' lang='lat' dir='ltr'><strong>bus</strong></span> <span class='ocrx_word' id='word_1_122' title='bbox 193 2935 317 2999; x_wconf 89' lang='lat' dir='ltr'><strong>bellum</strong></span> <span class='ocrx_word' id='word_1_123' title='bbox 338 2944 464 3020; x_wconf 85' lang='lat' dir='ltr'><strong>gerunt.</strong></span> <span class='ocrx_word' id='word_1_124' title='bbox 509 2936 654 2999; x_wconf 68' lang='grc' dir='ltr'><strong>9Εοῐιιιη</strong></span> <span class='ocrx_word' id='word_1_125' title='bbox 675 2958 854 3021; x_wconf 88' lang='lat' dir='ltr'><strong>unapars,</strong></span> <span class='ocrx_word' id='word_1_126' title='bbox 884 2958 980 3019; x_wconf 89' lang='lat' dir='ltr'><strong>quam</strong></span> <span class='ocrx_word' id='word_1_127' title='bbox 1015 2935 1131 2999; x_wconf 87' lang='lat' dir='ltr'><strong>Gallos</strong></span> 
     </span>
     <span class='ocr_line' id='line_1_21' title="bbox 101 3019 1131 3097; baseline 0.003 -15"><span class='ocrx_word' id='word_1_128' title='bbox 101 3021 250 3084; x_wconf 92' lang='lat' dir='ltr'><strong>obtinere</strong></span> <span class='ocrx_word' id='word_1_129' title='bbox 274 3019 396 3083; x_wconf 90' lang='lat' dir='ltr'><strong>dictum</strong></span> <span class='ocrx_word' id='word_1_130' title='bbox 419 3029 478 3097; x_wconf 77' lang='lat' dir='ltr'><strong>est</strong></span> <span class='ocrx_word' id='word_1_131' title='bbox 500 3022 626 3085; x_wconf 90' lang='lat' dir='ltr'><strong>initium</strong></span> <span class='ocrx_word' id='word_1_132' title='bbox 648 3043 686 3084; x_wconf 91' lang='lat' dir='ltr'><strong>ca</strong></span> <span class='ocrx_word' id='word_1_133' title='bbox 709 3022 736 3084; x_wconf 91' lang='lat' dir='ltr'><strong>it</strong></span> <span class='ocrx_word' id='word_1_134' title='bbox 758 3043 777 3084; x_wconf 90' lang='lat' dir='ltr'><strong>a</strong></span> <span class='ocrx_word' id='word_1_135' title='bbox 798 3021 928 3085; x_wconf 88' lang='lat' dir='ltr'><strong>flumine</strong></span> <span class='ocrx_word' id='word_1_136' title='bbox 950 3020 1131 3097; x_wconf 83' lang='lat' dir='ltr'><strong>Rhodan03</strong></span> 
     </span>
     <span class='ocr_line' id='line_1_22' title="bbox 101 3044 1131 3191; baseline 0 -23"><span class='ocrx_word' id='word_1_137' title='bbox 101 3105 288 3168; x_wconf 80' lang='lat' dir='ltr'><strong>continetur</strong></span> <span class='ocrx_word' id='word_1_138' title='bbox 321 3103 486 3169; x_wconf 88' lang='lat' dir='ltr'><strong>Garumna</strong></span> <span class='ocrx_word' id='word_1_139' title='bbox 512 3105 656 3182; x_wconf 85' lang='lat' dir='ltr'><strong>flumine,</strong></span> <span class='ocrx_word' id='word_1_140' title='bbox 686 3044 833 3179; x_wconf 63' lang='lat' dir='ltr'><strong>iiceanm</strong></span> <span class='ocrx_word' id='word_1_141' title='bbox 863 3107 981 3170; x_wconf 87' lang='lat' dir='ltr'><strong>finibus</strong></span> <span class='ocrx_word' id='word_1_142' title='bbox 1014 3106 1131 3191; x_wconf 85' lang='lat' dir='ltr'><strong>Belga-</strong></span> 
     </span>
     <span class='ocr_line' id='line_1_23' title="bbox 99 3189 1132 3274; baseline 0.003 -23"><span class='ocrx_word' id='word_1_143' title='bbox 99 3212 187 3261; x_wconf 79' lang='lat' dir='ltr'><strong>rmn3</strong></span> <span class='ocrx_word' id='word_1_144' title='bbox 217 3189 345 3274; x_wconf 86' lang='lat' dir='ltr'><strong>attingit</strong></span> <span class='ocrx_word' id='word_1_145' title='bbox 367 3191 463 3253; x_wconf 86' lang='lat' dir='ltr'><strong>etiam</strong></span> <span class='ocrx_word' id='word_1_146' title='bbox 485 3191 560 3256; x_wconf 66' lang='lat' dir='ltr'><strong>mab</strong></span> <span class='ocrx_word' id='word_1_147' title='bbox 583 3192 744 3274; x_wconf 84' lang='lat' dir='ltr'><strong>Sequanis</strong></span> <span class='ocrx_word' id='word_1_148' title='bbox 768 3199 801 3254; x_wconf 93' lang='lat' dir='ltr'><strong>et</strong></span> <span class='ocrx_word' id='word_1_149' title='bbox 822 3190 982 3256; x_wconf 83' lang='lat' dir='ltr'><strong>Helvetiis</strong></span> <span class='ocrx_word' id='word_1_150' title='bbox 1010 3190 1132 3254; x_wconf 84' lang='lat' dir='ltr'><strong>fiumen</strong></span> 
     </span>
     <span class='ocr_line' id='line_1_24' title="bbox 99 3273 1130 3360; baseline 0 -23"><span class='ocrx_word' id='word_1_151' title='bbox 99 3273 266 3349; x_wconf 85' lang='lat' dir='ltr'><strong>Rhenum3</strong></span> <span class='ocrx_word' id='word_1_152' title='bbox 289 3276 395 3360; x_wconf 77' lang='lat' dir='ltr'><strong>vergit</strong></span> <span class='ocrx_word' id='word_1_153' title='bbox 416 3276 459 3340; x_wconf 89' lang='lat' dir='ltr'><strong>ad</strong></span> <span class='ocrx_word' id='word_1_154' title='bbox 482 3277 732 3360; x_wconf 87' lang='lat' dir='ltr'><strong>septentriones.</strong></span> <span class='ocrx_word' id='word_1_155' title='bbox 756 3276 781 3314; x_wconf 86' lang='lat'><strong>¹¹</strong></span> <span class='ocrx_word' id='word_1_156' title='bbox 789 3277 910 3360; x_wconf 84' lang='lat' dir='ltr'><strong>Belgae</strong></span> <span class='ocrx_word' id='word_1_157' title='bbox 922 3279 962 3341; x_wconf 89' lang='lat' dir='ltr'><strong>ab</strong></span> <span class='ocrx_word' id='word_1_158' title='bbox 976 3277 1130 3339; x_wconf 88' lang='lat' dir='ltr'><strong>ext-remis</strong></span> 
     </span>
     <span class='ocr_line' id='line_1_25' title="bbox 101 3358 1130 3445; baseline 0.001 -24"><span class='ocrx_word' id='word_1_159' title='bbox 101 3358 228 3422; x_wconf 88' lang='lat' dir='ltr'><strong>Galliae</strong></span> <span class='ocrx_word' id='word_1_160' title='bbox 259 3358 378 3424; x_wconf 91' lang='lat' dir='ltr'><strong>finibus</strong></span> <span class='ocrx_word' id='word_1_161' title='bbox 408 3361 570 3434; x_wconf 73' lang='lat' dir='ltr'><strong>oriuntum</strong></span> <span class='ocrx_word' id='word_1_162' title='bbox 594 3362 758 3445; x_wconf 89' lang='lat' dir='ltr'><strong>pertinent</strong></span> <span class='ocrx_word' id='word_1_163' title='bbox 780 3359 1031 3425; x_wconf 80' lang='lat' dir='ltr'><strong>adinferiorem</strong></span> <span class='ocrx_word' id='word_1_164' title='bbox 1056 3381 1130 3444; x_wconf 87' lang='lat' dir='ltr'><strong>par·</strong></span> 
     </span>
     <span class='ocr_line' id='line_1_26' title="bbox 100 3442 1130 3530; baseline 0.002 -25"><span class='ocrx_word' id='word_1_165' title='bbox 100 3453 164 3506; x_wconf 87' lang='lat' dir='ltr'><strong>tem</strong></span> <span class='ocrx_word' id='word_1_166' title='bbox 183 3442 323 3508; x_wconf 89' lang='lat' dir='ltr'><strong>lluminis</strong></span> <span class='ocrx_word' id='word_1_167' title='bbox 336 3444 458 3522; x_wconf 79' lang='lat' dir='ltr'><strong>Rheni3</strong></span> <span class='ocrx_word' id='word_1_168' title='bbox 482 3454 633 3530; x_wconf 90' lang='lat' dir='ltr'><strong>spectant</strong></span> <span class='ocrx_word' id='word_1_169' title='bbox 643 3446 677 3509; x_wconf 92' lang='lat' dir='ltr'><strong>in</strong></span> <span class='ocrx_word' id='word_1_170' title='bbox 689 3446 947 3530; x_wconf 89' lang='lat' dir='ltr'><strong>septentrionem</strong></span> <span class='ocrx_word' id='word_1_171' title='bbox 970 3453 1003 3508; x_wconf 87' lang='lat' dir='ltr'><strong>et</strong></span> <span class='ocrx_word' id='word_1_172' title='bbox 1025 3446 1130 3507; x_wconf 86' lang='lat' dir='ltr'><strong>orien-</strong></span> 
     </span>
     <span class='ocr_line' id='line_1_27' title="bbox 99 3529 1129 3616; baseline 0.002 -25"><span class='ocrx_word' id='word_1_173' title='bbox 99 3538 164 3592; x_wconf 88' lang='lat' dir='ltr'><strong>tem</strong></span> <span class='ocrx_word' id='word_1_174' title='bbox 188 3529 301 3592; x_wconf 91' lang='lat' dir='ltr'><strong>solem.</strong></span> <span class='ocrx_word' id='word_1_175' title='bbox 351 3531 529 3614; x_wconf 89' lang='lat' dir='ltr'><strong>Aquitania</strong></span> <span class='ocrx_word' id='word_1_176' title='bbox 556 3553 575 3595; x_wconf 92' lang='lat' dir='ltr'><strong>a</strong></span> <span class='ocrx_word' id='word_1_177' title='bbox 605 3529 771 3594; x_wconf 88' lang='lat' dir='ltr'><strong>Garumna</strong></span> <span class='ocrx_word' id='word_1_178' title='bbox 798 3529 928 3592; x_wconf 89' lang='lat' dir='ltr'><strong>flumine</strong></span> <span class='ocrx_word' id='word_1_179' title='bbox 956 3529 1000 3592; x_wconf 86' lang='lat' dir='ltr'><strong>ad</strong></span> <span class='ocrx_word' id='word_1_180' title='bbox 1027 3529 1129 3616; x_wconf 88' lang='lat' dir='ltr'><strong>Pyre·</strong></span> 
     </span>
     <span class='ocr_line' id='line_1_28' title="bbox 98 3614 1130 3700; baseline 0.001 -24"><span class='ocrx_word' id='word_1_181' title='bbox 98 3635 201 3676; x_wconf 82' lang='lat' dir='ltr'><strong>naeos</strong></span> <span class='ocrx_word' id='word_1_182' title='bbox 230 3623 359 3677; x_wconf 89' lang='lat' dir='ltr'><strong>montes</strong></span> <span class='ocrx_word' id='word_1_183' title='bbox 390 3624 423 3678; x_wconf 90' lang='lat' dir='ltr'><strong>et</strong></span> <span class='ocrx_word' id='word_1_184' title='bbox 445 3638 516 3679; x_wconf 89' lang='lat' dir='ltr'><strong>eam</strong></span> <span class='ocrx_word' id='word_1_185' title='bbox 538 3625 662 3700; x_wconf 88' lang='lat' dir='ltr'><strong>partem</strong></span> <span class='ocrx_word' id='word_1_186' title='bbox 687 3614 818 3690; x_wconf 90' lang='lat' dir='ltr'><strong>Oceani,</strong></span> <span class='ocrx_word' id='word_1_187' title='bbox 842 3634 926 3696; x_wconf 87' lang='lat' dir='ltr'><strong>quae</strong></span> <span class='ocrx_word' id='word_1_188' title='bbox 943 3623 994 3678; x_wconf 91' lang='lat' dir='ltr'><strong>est</strong></span> <span class='ocrx_word' id='word_1_189' title='bbox 1011 3614 1055 3677; x_wconf 89' lang='lat' dir='ltr'><strong>ad·</strong></span> <span class='ocrx_word' id='word_1_190' title='bbox 1071 3616 1130 3679; x_wconf 92' lang='lat' dir='ltr'><strong>Hi·</strong></span> 
     </span>
     <span class='ocr_line' id='line_1_29' title="bbox 99 3700 1131 3786; baseline 0.005 -27"><span class='ocrx_word' id='word_1_191' title='bbox 99 3700 262 3782; x_wconf 86' lang='lat' dir='ltr'><strong>spaniam,</strong></span> <span class='ocrx_word' id='word_1_192' title='bbox 296 3700 451 3781; x_wconf 79' lang='lat' dir='ltr'><strong>pertinet3</strong></span> <span class='ocrx_word' id='word_1_193' title='bbox 486 3702 649 3786; x_wconf 73' lang='lat' dir='ltr'><strong>¹¹²spectat</strong></span> <span class='ocrx_word' id='word_1_194' title='bbox 681 3702 766 3763; x_wconf 88' lang='lat' dir='ltr'><strong>inter</strong></span> <span class='ocrx_word' id='word_1_195' title='bbox 799 3721 953 3763; x_wconf 87' lang='lat' dir='ltr'><strong>occasum</strong></span> <span class='ocrx_word' id='word_1_196' title='bbox 986 3700 1067 3764; x_wconf 87' lang='lat' dir='ltr'><strong>solis</strong></span> <span class='ocrx_word' id='word_1_197' title='bbox 1098 3710 1131 3764; x_wconf 83' lang='lat' dir='ltr'><strong>et</strong></span> 
     </span>
     <span class='ocr_line' id='line_1_30' title="bbox 99 3785 351 3867; baseline 0.008 -22"><span class='ocrx_word' id='word_1_198' title='bbox 99 3785 351 3867; x_wconf 85' lang='lat' dir='ltr'><strong>septentriones.</strong></span> 
     </span>
    </p>
   </div>
   <div class='ocr_carea' id='block_1_5' title="bbox 963 3889 975 3941">
    <p class='ocr_par' dir='ltr' id='par_1_5' title="bbox 963 3889 975 3941">
     <span class='ocr_line' id='line_1_31' title="bbox 963 3889 975 3941; baseline 0 0"><span class='ocrx_word' id='word_1_199' title='bbox 963 3889 975 3941; x_wconf 94' lang='lat' dir='ltr'><strong>l</strong></span> 
     </span>
    </p>
   </div>
   <div class='ocr_carea' id='block_1_6' title="bbox 0 0 1238 4312">
    <p class='ocr_par' dir='ltr' id='par_1_6' title="bbox 0 0 1238 4312">
     <span class='ocr_line' id='line_1_32' title="bbox 0 0 1238 4312; baseline 0 2"><span class='ocrx_word' id='word_1_200' title='bbox 0 0 1238 4312; x_wconf 95' lang='lat' dir='ltr'><strong> </strong></span> 
     </span>
    </p>
   </div>
  </div>
 </body>
</html>
