2468 4312
441 245 501 287 rm.
524 245 555 287 v.
600 245 668 287 car.
692 223 827 288 33-38.
1098 229 1140 295 87

153 376 204 441 36.
249 377 311 441 Ηὶ6
333 379 434 441 rebus
457 384 627 461 permotus
652 376 691 456 Q.
714 377 872 452 Titurius,
900 399 1000 461 quum
1022 381 1141 464 procul

108 463 333 548 Ambiorigem
356 485 437 526 suos
461 463 689 525 cohortantem
713 463 952 546 conspexisset,
980 465 1139 548 interpre-

107 554 176 610 tem
198 570 294 610 suum
318 546 444 611 Gneum
467 546 663 630 Pompejum
685 547 728 610 ad
751 569 824 611 eum
848 548 948 611 mittit
979 558 1139 634 rogatum,

107 642 146 696 ut
169 633 232 696 sibi
253 633 478 714 militibusque
500 639 623 716 parcat.
667 632 727 695 1116
750 632 937 716 appellatus
949 633 1138 716 respondit:

106 720 136 781 ci
156 719 228 781 velit
246 741 347 781 recum
369 718 506 803 colloqui,
540 718 630 780 licere
635 741 647 797 ,·
678 741 806 802 sperare
828 743 849 781 a
870 719 1061 782 inultituda‘ne
1081 723 1139 783 iu

103 804 229 888 patrari
244 826 342 887 porse,
366 804 448 888 quod
480 803 523 866 ad
553 803 684 865 mititem
705 804 832 866 salutem
854 805 1025 889 pertineam
1058 804 1140 890 ¹a'psi

106 911 178 951 aero
200 888 280 952 nihil
299 891 432 952 nocitum
453 891 503 968 iri,
527 890 618 973 inque
641 911 710 951 eom
731 912 797 951 rem
817 913 849 952 re
869 912 958 952 ruam
970 890 1069 978 fidem
1090 894 1138 954 iu·

106 984 272 1057 teporem.
317 975 377 1036 Ille
399 996 474 1036 cum
497 972 595 1037 Cotta
606 974 718 1036 saucio
735 973 960 1044 communicat,
983 975 1011 1036 si
1026 976 1138 1039 videa-

105 1066 169 1133 tur,
193 1080 303 1143 pugna
325 1067 363 1122 ut
385 1058 548 1121 excedant
569 1067 603 1121 et
624 1080 698 1120 cum
721 1059 909 1143 Ambiorige
937 1080 1002 1121 una
1035 1061 1137 1125 collo-

107 1152 263 1228 quantur:
288 1145 443 1228 ³sperare
466 1145 506 1206 ab
532 1165 571 1205 eo
595 1142 637 1206 (16
660 1164 722 1205 sua
744 1165 783 1206 ac
804 1144 941 1207 militum
957 1144 1064 1208 salute
1079 1147 1137 1208 im-

105 1238 237 1313 petrare
260 1251 371 1312 posse.
417 1228 515 1292 Cotta
543 1249 580 1290 se
608 1227 652 1290 ad
680 1236 839 1291 armatum
864 1229 995 1291 hostem
1017 1230 1137 1294 iturum

105 1321 205 1397 negat
226 1324 326 1397 atque
348 1315 382 1376 in
405 1334 444 1376 6ο
468 1320 666 1396 perseverat

149 1398 199 1462 37.
245 1398 397 1472 Sabinus,
421 1419 506 1481 quos
539 1397 572 1460 in
606 1399 793 1480 praesentia
825 1399 975 1461 tribunos
998 1399 1136 1462 militum

106 1483 227 1546 circum
251 1505 288 1546 66
309 1483 454 1547 habebat
476 1492 510 1545 et
531 1483 710 1565 primorum
743 1482 894 1546 ordinum
918 1485 1137 1559 centuriones,

105 1588 144 1630 se
167 1569 262 1651 sequi
279 1568 376 1652 jubet
399 1577 440 1642 et,
463 1589 564 1650 quum
587 1569 724 1651 propius
741 1569 961 1652 Ambiorigem
977 1571 1137 1632 accessis-

105 1661 166 1727 set,
183 1652 302 1737 jussus
326 1675 416 1716 arma
438 1653 579 1736 abjicere
601 1654 794 1736 imperatum
819 1653 898 1716 facit
927 1654 1071 1736 suisque,
1099 1663 1137 1718 ut

104 1737 193 1800 idem
214 1737 344 1813 faciant,
367 1739 513 1821 imperat.
558 1739 690 1800 Interim
713 1737 791 1801 dum
816 1738 858 1800 de
890 1737 1135 1802 conditionibus

104 1822 190 1886 inter
213 1846 249 1886 se
272 1832 374 1908 agunt
395 1824 591 1908 longiorque
616 1823 769 1886 consulto
800 1825 840 1886 ab
870 1823 1059 1908 Ambiorige
1087 1824 1136 1887 in·

105 1909 252 1972 stituitur
264 1931 381 1982 sermo,
404 1909 561 1991 paulatim
574 1909 813 1971 circumventus
826 1908 1025 1971 interficitur.
1049 1907 1135 1972 Tum

104 2015 185 2057 vero
208 2015 271 2058 suo
294 2015 385 2057 more
407 1995 577 2056 victoriam
600 1993 805 2056 conclamant
833 1993 952 2075 ²atque
975 1994 1135 2057 ululatum

104 2079 227 2141 tollunt
249 2080 439 2162 impetuque
460 2079 494 2140 in
515 2086 651 2140 nostros
674 2078 762 2141 facto
780 2078 913 2142 ordines
932 2080 1134 2161 perturbant.

103 2163 153 2226 Ibi
176 2163 212 2226 L.
236 2163 334 2227 Cotta
367 2185 518 2248 pugnans
553 2163 744 2226 interficitur
777 2185 851 2226 cum
878 2164 1019 2225 maxima
1041 2173 1135 2246 parte

104 2249 256 2323 militum
290 2250 405 2332 reliqui
440 2270 476 2310 se
509 2249 542 2310 in
575 2256 684 2310 castra
717 2249 886 2331 recipiunt,
920 2247 1008 2310 unde
1042 2257 1135 2312 erant

104 2335 238 2417 egressi.
294 2334 347 2396 Ex
376 2334 496 2415 quibus
531 2333 565 2394 L.
594 2331 801 2397 Petrosidius
835 2331 1000 2414 aquilifer,
1034 2353 1133 2415 quum

102 2440 220 2497 magna
242 2418 449 2481 multitudine
471 2417 616 2481 hostium
639 2427 851 2501 premeretur,
874 2416 1017 2499 aquilam
1048 2418 1134 2482 intra

102 2499 225 2566 vallum
248 2505 396 2586 projecit,
425 2503 517 2584 ³ipse
541 2524 601 2585 pro
628 2502 746 2565 castris
774 2502 953 2565 fortissime
980 2523 1132 2586 pugnans

103 2588 273 2652 occiditur.
317 2589 388 2652 ⁴111i
411 2608 508 2671 aegre
531 2587 575 2650 ad
606 2594 736 2650 noctem
759 2587 1037 2670 oppugnationem
1059 2609 1133 2650 sus·

102 2673 222 2748 tinent;
256 2682 357 2736 noctu
391 2672 435 2735 ad
467 2693 567 2735 unum
604 2694 718 2734 omnes
748 2672 927 2754 desperata
960 2672 1067 2734 salute
1095 2693 1133 2734 66

102 2759 167 2842 ipsi
189 2758 394 2821 interficiunt.
439 2757 542 2820 Pauci
566 2778 607 2818 ex
629 2757 755 2840 proelio
784 2756 887 2839 elapsi
920 2757 1053 2819 incertis
1081 2756 1132 2819 iti-

101 2844 237 2906 neribus
260 2865 319 2926 per
342 2843 443 2905 silvas
467 2841 511 2905 ad
534 2840 572 2903 T.
596 2841 776 2904 Labienum
798 2842 942 2925 legatum
962 2842 996 2903 in
1024 2840 1132 2904 hiber·

101 2929 363 3010 superveniunt
395 2937 495 3010 atque
528 2948 602 2989 eum
625 2926 667 2989 de
690 2927 789 2988 rebus
822 2927 926 3010 gestis
960 2926 1131 2989 certiorem

102 3011 234 3076 faciunt.

147 3098 196 3162 33.
248 3097 319 3160 Hac
352 3097 490 3160 victoria
524 3097 674 3159 sublatus
708 3096 880 3160 Ambiorix
914 3097 1024 3160 statim
1057 3116 1131 3158 cum

103 3183 252 3266 equitatu
273 3183 307 3245 in
329 3182 534 3255 Aduatucos
568 3182 624 3263 qui
657 3190 750 3244 erant
778 3181 849 3265 ejus
871 3202 974 3265 regno
997 3181 1131 3255 finitimi,

102 3268 337 3353 proficiscitur:
371 3268 497 3350 lneque
529 3274 659 3329 noctem
692 3287 799 3349 neque
834 3265 919 3328 diem
948 3266 1132 3329 intermittit

102 3353 349 3436 peditatumque
372 3374 408 3415 se
431 3352 526 3435 sequi
543 3352 647 3436 jubet.
692 3350 760 3413 2Re
784 3349 1131 3414 demonstrataAdua-

101 3439 253 3520 tucisque
287 3438 459 3500 concitatis
492 3448 630 3519 postero
664 3435 717 3498 die
749 3436 783 3498 in
816 3436 958 3500 Nervios
982 3435 1131 3517 pervenit

101 3521 329 3606 hortaturque,
353 3546 392 3585 nc
411 3524 461 3585 sai
482 3523 716 3606 inperpetuum
749 3520 903 3583 liberandi
936 3530 1023 3605 olqire
1054 3520 1090 3581 ul
1111 3521 1117 3534 '

100 3608 204 3671 6666άὶ
225 3610 384 3671 Romanor
399 3629 463 3692 pro
485 3608 531 3684 iis,
555 3630 633 3692 quac
654 3607 832 3688 acceperint,
855 3605 977 3686 injuriis
997 3607 1131 3667 occario·

101 3716 171 3756 cern
192 3693 362 3775 dimittam,-
394 3692 562 3778 interfectos
594 3715 655 3754 erse
687 3691 800 3771 leqatos
831 3690 906 3752 duos
927 3712 1132 3775 maynamqae

95 3789 221 3862 partem
243 3780 389 3841 exercitus
410 3779 545 3841 interiere
567 3776 785 3849 demonstran
818 3774 898 3837 nibil
928 3798 989 3838 erre
1020 3776 1132 3858 capotii

100 3865 198 3927 aedito
220 3886 399 3949 oppressam
420 3864 574 3949 lapionem,
597 3885 677 3950 qaae
697 3883 766 3924 curn
790 3861 931 3924 Cicerone
945 3861 1059 3942 hiemet,
1082 3863 1130 3924 in·
