2468 4312
147 203 190 272 64
469 226 657 271 1111111
680 229 820 273 caturco

145 369 276 447 tempus
301 361 378 425 anni
410 359 454 424 ad
486 359 609 425 bellum
641 360 821 459 gerendum
855 360 1018 437 deficeret,
1051 361 1180 426 ³tamen

146 468 265 532 magno
288 448 351 511 sibi
372 446 449 510 usui
480 443 552 508 fore
585 447 816 521 arbitrabatur,
848 447 876 509 si
909 447 1010 511 modo
1037 448 1179 510 insulam

146 532 273 597 adisset
295 541 329 595 et
349 552 453 617 genus
476 530 644 594 hominum
672 532 909 615 perspexisset,
938 533 1021 606 loca,
1050 546 1179 616 portus,

146 617 257 683 aditus
280 617 507 702 cognovissetz
530 617 635 700 ⁴quae
659 617 766 679 omnia
791 616 860 681 fere
890 617 994 681 Gallis
1018 628 1110 681 erant
1131 618 1180 680 iu·

147 704 287 788 cognita.
331 703 449 784 Neque
473 703 556 764 11111
582 711 704 765 temere
732 711 863 787 praeter
890 711 1091 767 mercatores
1120 702 1178 766 illo

147 787 217 852 adit
238 788 421 872 quisquam,
444 808 551 871 neque
573 787 626 850 his
648 787 732 871 ipsis
756 789 930 871 quicquam
942 795 1073 871 praeter
1089 809 1180 851 oram

145 873 339 937 maritimam
360 880 461 955 atque
483 893 539 935 eas
562 873 724 956 regiones,
747 892 833 954 quae
862 882 941 937 sunt
963 883 1079 936 contra
1102 872 1180 936 Gal·

147 959 219 1031 lias,
241 968 356 1021 notum
378 967 438 1020 est.
482 957 599 1040 ltaque
620 957 748 1021 vocatis
771 956 815 1020 ad
837 979 875 1020 se
896 957 1042 1040 undique
1057 979 1180 1023 merea-

147 1044 276 1107 toribus
298 1063 406 1126 neque
429 1051 552 1125 quanta
575 1050 666 1106 esset
687 1041 815 1105 insulae
842 1042 1044 1128 magnitudo
1072 1063 1181 1125 neque

147 1149 232 1212 quae
255 1135 312 1190 aut
346 1136 488 1211 quantae
521 1129 671 1190 nationes
703 1126 893 1200 incolerent,
927 1126 1054 1211 “neque
1083 1148 1178 1210 quem

146 1234 243 1276 usum
266 1213 343 1276 belli
376 1211 536 1277 haberent
569 1220 626 1276 aut
660 1211 781 1294 quibus
809 1213 968 1276 institutis
1001 1221 1180 1285 uterentur,

148 1297 491 1380 71111111111111111
519 1296 561 1360 ad
590 1297 752 1381 majorum
779 1296 912 1361 navium
937 1297 1180 1361 multitudinem

147 1383 258 1447 idonei
281 1394 407 1466 portus,
429 1381 575 1466 reperire
597 1389 737 1466 poterat.

190 1467 240 1531 21.
285 1466 339 1530 Ad
373 1467 456 1529 haee
489 1466 738 1552 cognoscenda,
772 1466 965 1552 priusquam
1023 1467 1179 1531 ericulum

148 1551 278 1626 faceret,
311 1551 467 1615 idoneum
500 1572 576 1614 esse
608 1552 787 1616 arbitratus
821 1550 941 1637 Gajum
1007 1551 1180 1615 olusenum

149 1659 222 1701 cum
244 1637 320 1700 navi
341 1637 441 1721 longa
463 1636 649 1721 praemittit
704 1635 790 1701 Huic
818 1637 960 1710 mandat,
988 1637 1037 1701 uti
1065 1638 1181 1720 explo-

147 1723 227 1786 ratis
252 1723 403 1785 omnibus
437 1723 537 1786 rebus
571 1721 797 1805 adaequem
824 1723 963 1806 primum
985 1734 1179 1785 revertatur.

147 1807 472 1892 Ipsecumomnibus
488 1807 593 1890 copiis
616 1807 649 1869 11
670 1806 821 1870 Morinos
844 1807 1071 1891 proficiscitur,
1088 1806 1180 1890 quod

147 1891 224 1955 inde
259 1899 329 1954 erat
361 1891 576 1955 brevissimus
604 1891 638 1954 iu
666 1891 866 1955 Britanniam
894 1892 1060 1977 trajectus.
1104 1892 1180 1954 Huc

149 1997 251 2041 naves
273 1975 420 2059 undique
454 1997 496 2039 cx
523 1975 666 2039 finitimis
693 1976 884 2061 regionibus
907 1985 940 2040 et
962 1997 1060 2060 quam
1082 1998 1180 2060 supe·
1218 2016 1222 2024 ,

148 2063 236 2124 riore
258 2068 384 2123 aestate
413 2059 454 2123 ad
486 2059 679 2124 Veneticum
707 2061 831 2125 bellum
859 2060 1011 2125 effecerat
1038 2061 1179 2125 classem

144 2146 242 2231 jubet
264 2145 447 2208 convenire.
490 2144 624 2209 Interim
646 2147 787 2210 consilio
813 2145 886 2230 ejus
908 2146 1041 2231 cognito
1065 2154 1099 2209 et
1119 2168 1180 2230 per

148 2243 348 2294 mercatores
372 2231 500 2314 perlato
524 2231 567 2294 ad
588 2230 766 2295 Britannos
788 2253 809 2294 a
837 2231 1062 2315 compluribus
1091 2231 1180 2294 insu·

149 2317 200 2379 lae
223 2317 408 2380 civitatibus
443 2314 487 2378 ad
519 2338 593 2379 eum
615 2317 715 2403 legati
737 2317 880 2392 veniunt,
903 2317 980 2400 lqui
1002 2316 1180 2400 pollicean-

148 2411 202 2466 tur
225 2400 360 2466 obsides
384 2399 463 2464 dare
485 2409 585 2486 atque
606 2402 743 2486 imperio
755 2402 871 2487 populi
893 2400 1033 2466 Romani
1055 2402 1180 2465 obtem-

148 2509 272 2572 perare.
316 2485 466 2565 ‘²Quibus
489 2486 610 2550 auditis
632 2486 811 2552 liberaliter
831 2487 1000 2571 pollicitus
1011 2486 1180 2550 hortatus·

150 2593 223 2655 que,
245 2572 337 2635 utin
360 2592 398 2634 ea
421 2573 583 2635 sententia
604 2579 841 2656 permanerent,
874 2594 933 2635 eos
968 2571 1102 2635 domum
1129 2593 1180 2634 11-

148 2657 255 2730 mittit,
278 2667 311 2719 et
332 2677 407 2719 cum
428 2656 469 2719 iis
491 2679 557 2720 una
579 2657 768 2732 Commium,
797 2677 893 2739 quem
921 2656 994 2740 ipse
1016 2657 1180 2721 Atrebati-

149 2744 212 2807 bus
235 2742 399 2825 superatis
422 2762 533 2827 regem
554 2742 600 2806 ibi
625 2743 850 2818 constituerat,
878 2742 994 2827 ³cujus
1024 2754 1057 2805 et
1081 2743 1180 2805 virtu·

149 2835 213 2891 tem
237 2836 270 2890 et
292 2826 465 2890 consilium
487 2828 651 2911 probabat
679 2835 712 2891 et
734 2848 832 2909 quem
860 2827 923 2892 sibi
950 2825 1083 2890 fidelem
1106 2847 1181 2890 esse

149 2913 378 2986 arbitrabatur,
401 2913 563 2998 cujusque
585 2913 765 2976 auctoritas
787 2913 821 2975 11
843 2911 895 2975 his
907 2911 1098 2996 regionibus
1113 2933 1181 2974 ma·

148 2998 205 3083 gni
225 2996 418 3068 habebatur,
440 2998 547 3061 mittit.
592 2997 677 3061 Huic
698 2998 742 3060 im
767 3004 846 3070 erat,
857 3018 940 3079 quas
953 2997 1070 3079 possit,
1083 2996 1182 3061 adeat

149 3083 298 3146 civitates
321 3082 547 3166 horteturque,
569 3083 628 3146 ⁴ut
650 3019 765 3166 populi
777 3081 916 3146 Romam
928 3081 1027 3146 fidem
1039 3103 1181 3164 sequan-

149 3178 211 3241 tur,
234 3189 338 3250 seque
360 3168 509 3232 celeriter
532 3189 572 3231 eo
594 3177 767 3231 venturum
796 3167 937 3231 nunciet.
987 3166 1180 3230 Volusenus

147 3253 334 3338 perspectis
356 3253 546 3337 regionibus
569 3253 730 3328 omuibus,
760 3252 938 3335 ⁵quantum
961 3253 991 3316 ci
1012 3250 1181 3315 facultatis

150 3338 220 3402 dari
243 3339 360 3421 potuit,
384 3338 439 3421 qui
462 3339 537 3401 navi
561 3337 673 3422 egredi
695 3359 735 3401 ac
757 3358 794 3401 se
815 3337 965 3401 barbaris
978 3338 1181 3402 111111111111

149 3445 216 3487 111
238 3421 384 3498 auderet,
407 3424 523 3508 quinto
546 3421 666 3488 dicad
689 3421 864 3487 Caesarem
874 3423 1058 3498 revertitur,
1082 3444 1181 3506 quae·

151 3529 216 3594 que
236 3508 281 3571 ibi
303 3508 540 3592 perspexisset,
563 3509 741 3571 renunciat.

193 3594 243 3657 22.
288 3593 375 3657 Dum
397 3595 430 3657 in
452 3592 504 3656 his
528 3593 611 3657 locis
646 3591 768 3656 Caesar
796 3592 928 3656 navium
961 3591 1181 3676 parandarum

151 3700 251 3742 causa
272 3687 427 3753 moratur,
461 3700 503 3743 ex
534 3699 653 3763 magus
673 3687 769 3761 parte
790 3677 995 3743 Morinorum
1028 3676 1073 3740 ad
1108 3699 1182 3741 eum

31 3798 35 3805 =
150 3763 250 3829 levati
272 3771 440 3838 venerunt,
473 3763 550 3847 ¹qui
582 3783 620 3826 se
652 3760 756 3826 (lesu
783 3762 899 3826 erioris
921 3763 1080 3847 temporis
1103 3784 1182 3828 cou-

152 3815 226 3913 1111
249 3856 453 3925 excusarent,
477 3847 569 3934 quod
590 3847 740 3913 homines
822 3848 894 3913 bari
906 3857 940 3914 et
953 3856 1088 3914 nostrae
1103 3870 1205 3912 eon.
