2468 4312
416 180 783 273 lnrn..cn.2s-st
1082 207 1124 274 es

100 362 157 428 dio
190 385 212 428 a
242 362 399 427 militibus
432 362 723 437 administraretur,
755 360 951 427 ‘duodecim
983 365 1123 429 navibus

99 450 231 514 arnissis
252 450 387 533 reliquis
409 459 448 513 ut
469 448 613 534 narigari
635 447 807 512 commode
829 458 954 533 posset,
977 450 1090 514 effecit.

143 535 193 599 32.
238 535 324 599 Dum
346 557 385 598 ca
406 544 571 621 geruntur,
595 533 795 618 llegioneerr
807 535 1044 600 consuetudine
1059 555 1125 599 una

98 619 331 686 frumentatum
353 622 461 697 missa,
484 641 569 704 quae
591 619 820 703 appellabatur
843 622 989 704 septima,
1016 642 1124 705 neque

98 707 168 770 ulla
190 706 233 770 ad
255 706 291 770 id
312 717 442 791 tempus
464 706 542 770 belli
564 705 753 789 suspicione
775 707 977 791 interposita,
1003 707 1124 792 ²quum

99 814 178 878 pars
200 792 368 857 hominum
389 793 422 855 in
445 793 531 878 agris
554 800 743 867 remaneret,
766 813 843 876 pars
860 793 956 856 etiam
970 792 1125 856 incastra

99 879 288 953 ventitaret,
320 879 357 951 ii,
390 879 446 962 qui
477 900 540 964 pro
573 877 680 962 portis
713 890 895 941 castrorum
922 879 955 941 in
981 880 1124 942 statione

99 975 200 1040 erant,
223 963 356 1030 Caesari
370 964 614 1038 nunciaverunt,
636 961 649 1001 ³
656 963 824 1047 pulverem
839 965 1004 1049 majorem,
1027 985 1125 1048 quam

100 1049 308 1114 consuetudo
330 1048 438 1125 ferret,
460 1051 494 1113 in
515 1071 554 1113 ea
576 1058 670 1133 parte
685 1048 798 1124 videri,
822 1071 920 1134 quam
941 1050 975 1113 in
996 1060 1125 1135 partem

99 1135 186 1220 legio
208 1137 271 1200 iter
291 1134 434 1199 fecisset.
477 1134 628 1215 ‘Cassan
651 1132 685 1198 id
710 1134 801 1218 quod
825 1144 903 1209 erat,
926 1137 1124 1220 suspicatus,

100 1221 227 1305 aliquid
247 1222 514 1286 noviabarbaris
536 1221 650 1285 initum
672 1221 809 1295 consilii,
832 1221 1017 1297 ⁵cobortes,
1039 1243 1124 1306 quae

99 1308 133 1371 in
156 1308 353 1372 stationibus
386 1315 485 1380 erant,
519 1327 630 1370 secum
651 1307 685 1369 in
707 1329 777 1370 eam
801 1317 928 1391 partem
948 1307 1123 1392 proficisci,

99 1415 141 1457 ex
163 1393 298 1477 reliquis
322 1392 405 1457 duas
414 1393 447 1455 in
464 1392 637 1456 stationem
660 1392 814 1456 cohortes
838 1393 1026 1468 succedere,
1048 1393 1124 1457 reli·

100 1500 183 1564 quas
206 1479 323 1543 armari
346 1488 379 1542 et
399 1477 571 1542 confestim
595 1499 669 1541 sese
692 1480 851 1562 subsequi
868 1479 980 1564 jussit.
1015 1477 1124 1558 Quum

99 1564 200 1650 paulo
222 1564 352 1651 longius
374 1586 394 1628 a
416 1565 533 1628 castris
555 1565 785 1648 processisset
809 1586 889 1628 suos
912 1566 953 1628 ab
968 1564 1123 1629 hostibus

98 1652 202 1736 premi
234 1659 333 1735 atque
366 1672 463 1736 aegre
495 1651 657 1713 sustinere
679 1664 713 1714 et
739 1649 888 1714 conferta
920 1650 1048 1735 legione
1082 1672 1124 1713 ex

100 1738 250 1801 omnibus
272 1738 421 1822 partibus
433 1736 500 1800 tela
510 1735 628 1820 conjici
649 1735 884 1800 animadvertit.
931 1737 1016 1802 Nam
1032 1735 1124 1819 quod

99 1824 187 1887 omni
210 1845 251 1887 ex
272 1823 408 1907 reliquis
432 1823 580 1907 partibus
604 1821 756 1884 demesso
778 1820 942 1885 frumento
965 1842 1043 1906 pars
1058 1841 1125 1885 una

100 1918 171 1973 crat
191 1909 330 1992 reliqua,
348 1909 510 1993 suspicati
532 1906 658 1982 hostes
684 1907 749 1971 huc
777 1919 913 1972 nostros
941 1928 1017 1971 esse
1045 1928 1124 1971 ven-

99 2003 203 2068 turos,
225 2004 326 2058 noctu
346 1995 380 2057 in
403 1994 495 2057 silvis
519 1992 729 2066 delituerant3
762 2003 831 2057 tum
865 1992 1037 2078 dispersos
1067 1992 1123 2058 de-

99 2080 217 2165 positis
240 2081 338 2143 armis
361 2081 395 2143 in
415 2079 569 2143 metendo
592 2088 773 2163 occupatos
796 2081 906 2143 subito
918 2079 1027 2143 adorti
1042 2101 1123 2164 pau·

100 2166 147 2229 cis
170 2164 348 2229 interfectis
370 2166 516 2248 reliquos
539 2165 670 2229 incertis
705 2165 875 2229 ordinibus
909 2166 1123 2250 perturbave-

99 2260 181 2324 rant,
204 2251 300 2314 simul
323 2254 470 2336 equitatu
491 2260 590 2335 atquc
613 2249 741 2314 essedis
765 2250 1056 2315 circumdederant.

143 2337 192 2401 33.
238 2335 447 2401 ¹Genushoc
470 2346 586 2400 estex
609 2336 737 2400 essedis
760 2358 897 2422 pugnae.
941 2337 1051 2400 Primo
1064 2357 1123 2421 per

101 2444 214 2486 omnes
236 2431 348 2508 partes
370 2423 577 2508 perequitant
599 2432 633 2487 et
654 2422 721 2485 tela
742 2424 920 2509 conjiciunt
934 2433 1033 2507 atque
1047 2422 1122 2507 ipso

100 2516 226 2573 terrore
248 2529 407 2592 equorum
429 2525 463 2572 et
484 2509 624 2592 strepitu
645 2518 790 2571 rotarum
820 2509 952 2572 ordines
981 2508 1123 2593 plerum-

100 2615 165 2679 que
186 2596 379 2679 perturbant
405 2603 446 2669 et,
479 2594 598 2677 ²quum
633 2616 669 2657 se
701 2595 784 2656 inter
818 2595 963 2678 equitum
997 2603 1122 2658 turmas

99 2681 355 2751 insinuaverunt,
383 2702 424 2743 ex
453 2679 581 2743 essedis
615 2678 772 2743 desiliunt
798 2679 993 2765 etpedibus
1027 2693 1123 2764 proc-

99 2765 228 2831 liantur.
274 2767 415 2851 Aurigae
437 2766 563 2830 interim
586 2765 742 2850 paulatim
755 2787 794 2828 ex
809 2766 936 2850 proelio
960 2765 1124 2830 excedunt

99 2863 199 2934 atque
220 2852 267 2916 ita
287 2873 403 2916 currus
416 2853 587 2926 collocant,
610 2862 655 2926 ut,
678 2852 708 2914 si
729 2851 776 2914 illi
799 2873 818 2915 a
840 2852 1046 2915 multitudine
1062 2852 1122 2915 ho·

100 2938 199 3001 stium
220 2947 417 3022 premantur,
440 2937 628 3022 expeditum
639 2936 683 3000 ad
695 2959 775 3000 suos
787 2947 957 3021 receptum
970 2937 1121 3002 habeant.

99 3023 170 3088 ³Ita
191 3023 402 3088 mobilitatem
424 3024 576 3107 equitum,
599 3023 809 3088 stabilitatem
821 3023 968 3108 pediturn
979 3024 1011 3086 in
1026 3045 1123 3109 proe-

99 3109 152 3173 liis
174 3117 344 3193 praestant
365 3131 404 3173 ae
424 3118 550 3174 tantum
561 3131 625 3173 usu
647 3110 841 3193 quotidiano
865 3119 897 3173 et
919 3110 1123 3173 exercitatio-

99 3216 142 3260 ne
164 3194 316 3271 efficiunt,
339 3196 387 3259 uti
407 3196 442 3259 in
464 3194 583 3259 declivi
604 3216 643 3258 ac
664 3196 834 3279 praecipiti
862 3196 937 3258 loco
969 3196 1122 3258 incitatos

100 3302 206 3364 equos
230 3282 392 3345 sustinere
415 3291 448 3344 ct
469 3281 562 3345 brevi
589 3280 753 3345 moderari
785 3302 824 3343 ac
856 3280 987 3344 flectere
1010 3291 1043 3343 ct
1064 3300 1123 3365 per

99 3374 262 3430 temonem
284 3388 475 3451 percurrere
498 3375 531 3430 et
551 3367 583 3430 in
601 3366 684 3451 jugo
706 3367 858 3430 insistere
881 3375 913 3429 et
935 3387 972 3428 se
993 3365 1069 3429 inde
1090 3366 1124 3429 in

99 3473 217 3516 currus
238 3453 395 3515 citissime
415 3453 562 3536 recipere
587 3453 782 3515 consuerint.

143 3537 193 3603 34.
238 3536 387 3618 ¹Quibus
409 3539 508 3602 rebus
531 3538 730 3621 perturbatis
754 3536 877 3599 nostris
900 3535 1045 3598 novitate
1063 3557 1124 3620 pu·

98 3645 184 3710 gnae
217 3633 366 3707 tempore
398 3623 679 3708 opportunissimo
713 3621 834 3686 Caesar
857 3620 1012 3684 auxilium
1033 3621 1123 3698 tulit3

99 3731 240 3794 namque
263 3709 335 3794 ejus
357 3708 502 3772 adventu
524 3708 640 3773 hostes
664 3708 890 3781 constiterunt,
912 3707 1018 3769 nostri
1031 3728 1067 3770 se
1082 3729 1124 3770 ex

99 3796 216 3859 timore
239 3803 440 3880 receperunt.
484 3791 581 3874 ³Quo
603 3792 691 3856 facto
713 3792 757 3856 ad
779 3791 1008 3856 lacessendum
1031 3791 1124 3858 etad

99 3880 369 3947 committendum
390 3879 550 3966 proelium
573 3879 712 3944 alienum
734 3900 810 3944 esse
832 3889 960 3964 tempus
987 3880 1123 3944 arbitra-
