2468 4312
410 248 471 291 nra.
493 250 526 291 11.
572 250 641 292 cnr.
664 227 778 292 8-12.
1080 228 1121 293 33

88 378 229 446 coneilio
242 392 425 445 convocato
437 381 691 445 ⁴constituerunt
714 381 871 464 optimum
884 401 966 456 esse,
989 379 1121 447 domum

88 487 184 530 suam
207 486 368 550 quemque
396 467 532 540 reverti,
567 475 613 539 et,
648 487 787 549 quorum
815 465 849 528 in
877 465 960 531 fines
983 466 1121 550 primum

86 551 230 615 Romani
252 553 431 614 exercitum
452 549 725 624 introduxissent,
747 549 791 613 ad
814 571 872 613 eos
892 549 1121 615 defendendos

86 635 234 718 undique
257 637 479 710 convenirent,
501 643 539 698 ut
560 636 672 719 potius
706 636 739 698 in
768 636 838 698 suis
867 655 965 718 quam
987 636 1019 696 in
1043 635 1120 699 alie-

86 722 139 784 nis
162 719 283 799 finibus
306 720 514 784 decertarent
536 731 569 783 et
592 720 781 783 domesticis
797 720 902 803 copiis
917 720 965 783 rei
979 718 1120 783 frmnen·

86 806 191 869 tariae
212 813 389 869 uterentur.
434 805 489 869 Ad
512 826 581 867 eam
605 805 799 868 sententiam
811 825 884 867 cum
894 805 1030 887 reliquis
1047 826 1121 868 cau·

86 891 135 953 sis
158 889 241 952 haec
264 911 396 973 quoque
418 891 502 953 ratio
527 911 585 953 eos
620 889 765 963 deduxit,
801 889 892 971 quod
924 889 1120 953 Divitiacum

87 982 188 1058 atque
223 974 384 1038 Haeduos
418 975 536 1039 finibus
570 973 821 1037 Bellovacorum
855 975 1119 1058 appropinquare

86 1068 322 1144 cognoverant.
373 1060 454 1123 ⁵His
477 1057 680 1142 persuaderi,
702 1066 740 1122 ut
763 1058 885 1122 diutius
915 1069 1120 1123 morarentur

86 1166 196 1228 neque
219 1145 288 1207 suis
311 1145 467 1207 auxilium
488 1143 620 1218 ferrent,
642 1165 710 1206 non
732 1152 872 1227 poterat.

134 1229 181 1293 11.
227 1228 278 1293 Ea
298 1251 335 1292 re
358 1230 539 1292 constituta
573 1227 719 1291 secunda
750 1228 863 1313 vigilia
894 1250 1012 1314 magno
1047 1250 1119 1293 cum

86 1314 231 1397 strepitu
253 1334 291 1376 ao
313 1314 456 1377 tumultu
478 1314 596 1376 castris
620 1314 746 1396 egressi
768 1313 860 1376 nullo
890 1323 980 1377 certo
1004 1313 1119 1377 ordine

85 1419 195 1482 neque
216 1400 363 1482 imperio,
386 1419 488 1481 quum
511 1398 573 1462 sibi
597 1399 738 1481 quisque
748 1398 888 1482 primum
913 1399 1054 1462 ¹itineris
1071 1398 1119 1461 lo·

86 1505 163 1547 cum
185 1491 313 1568 peteret
334 1490 368 1546 et
390 1483 524 1546 domum
545 1483 717 1565 pervenire
738 1492 941 1567 properaret,
963 1483 1118 1557 fecerunt,

86 1576 125 1633 ut
147 1568 326 1631 consimilis
349 1567 447 1652 fugae
474 1567 636 1651 profectio
659 1566 836 1630 videretur.
881 1568 973 1630 ²Hae
994 1589 1030 1630 re
1053 1576 1119 1630 sta-

86 1653 145 1716 tim
169 1651 290 1716 Caesar
312 1675 372 1738 per
395 1653 622 1737 speculatores
653 1653 786 1737 cognita
812 1652 951 1716 insidias
979 1653 1118 1727 veritae,

86 1737 188 1823 quod,
212 1738 342 1821 quade
365 1759 466 1801 causa
490 1737 708 1811 discederent,
730 1736 877 1801 nondum
893 1745 1118 1821 perspexerat,

86 1822 266 1886 exercitum
290 1823 536 1907 equitatumque
559 1823 677 1885 castris
700 1822 869 1885 continuit.
913 1821 1022 1885 Prima
1036 1821 1118 1897 luce,

86 1907 100 1946 ³
107 1907 300 1973 confirmata
320 1929 356 1970 re
378 1909 419 1971 ab
449 1908 730 1991 exploratoribus,
769 1928 895 1970 omnem
925 1907 1118 1991 equitatum,

87 1992 144 2075 qui
165 1993 382 2054 novissimum
403 2013 519 2077 agmen
530 2000 721 2066 moraretur,
744 1993 919 2088 praemisit.
942 1992 1004 2056 His
1018 1991 1119 2071 Quin·

87 2086 156 2140 tum
178 2075 319 2139 Pedium
341 2085 374 2140 et
395 2077 533 2140 Lucium
554 2076 812 2159 Aurunculejum
835 2075 964 2139 Cottam
990 2078 1118 2161 legatos

86 2160 254 2245 praefecit.
299 2160 410 2225 Titum
437 2161 618 2225 Labienum
650 2161 793 2244 legatum
827 2183 900 2224 cum
933 2162 1118 2246 legionibus

86 2247 195 2311 tribus
218 2247 378 2330 subsequi
396 2247 508 2331 jussit.
551 2245 596 2308 Hi
618 2247 817 2308 novissimos
841 2245 949 2308 adorb'
974 2254 1005 2309 et
1016 2247 1120 2309 multa

86 2331 176 2395 milia
198 2353 357 2415 passuum
378 2331 549 2416 prosecuti
571 2352 720 2415 magnam
742 2330 983 2394 multitudinem
1006 2352 1120 2394 eorum

83 2415 300 2500 ⁴fugientium
324 2415 548 2490 conciderunt,
572 2437 672 2498 quum
694 2416 736 2480 ab
760 2423 906 2479 extremo
922 2415 1057 2500 agmine,
1074 2414 1118 2479 ad

86 2523 172 2585 quos
195 2508 329 2564 ventum
363 2509 446 2575 erat,
480 2501 701 2564 consisterent
732 2498 928 2584 fortiterque
961 2502 1118 2585 impetum

84 2593 276 2649 nostrorum
297 2585 435 2649 militum
456 2586 670 2661 sustinerent,
704 2586 849 2668 priores,
879 2584 970 2667 quod
998 2587 1118 2650 abesse

85 2691 106 2733 a
133 2671 281 2755 periculo
318 2669 508 2734 viderentur
540 2691 647 2753 neque
679 2669 748 2733 ulla
779 2671 977 2733 necessitate
1009 2692 1117 2755 neque

85 2755 223 2840 imperio
256 2756 514 2830 continerentur,
552 2755 707 2818 exaudito
741 2755 883 2818 clamore
916 2755 1117 2838 perturbatis

87 2840 258 2904 ordinibus
282 2861 394 2902 omnes
417 2840 451 2902 in
472 2839 551 2925 fuga
574 2841 637 2904 sibi
658 2839 858 2924 praesidium
869 2849 1038 2924 ponerent.
1067 2841 1117 2904 Ita
1211 2858 1215 2862 ·

87 2925 158 2987 sine
179 2924 249 2988 ullo
272 2925 420 3008 periculo
448 2933 573 2988 tantam
602 2946 715 2988 eorum
743 2924 983 2988 multitudinem
1011 2926 1117 2988 nostri

85 3007 334 3084 interfecerunt,
368 3009 545 3093 ⁵quantum
577 3007 640 3072 fuit
663 3008 727 3072 diei
749 3010 906 3093 spatium,
936 3011 998 3074 sub
1023 3031 1116 3073 occa
1165 3054 1168 3058 -

87 3115 227 3177 sumque
249 3094 332 3157 solis
356 3093 553 3158 destiterunt
575 3115 678 3178 seque
699 3094 734 3158 in
756 3103 879 3170 castra,
908 3102 946 3158 ut
968 3101 1038 3158 erat
1058 3095 1116 3158 im-

85 3187 244 3262 peratum,
266 3187 470 3262 receperunt.

28 3327 32 3333 ,
75 3336 79 3344 ,
133 3262 180 3326 12.
225 3263 392 3326 Postridie
415 3263 487 3347 ejus
511 3263 576 3327 diei
598 3262 728 3338 Caesar,
762 3262 974 3347 ¹priusquam
997 3285 1034 3326 se
1055 3263 1116 3326 ho·

87 3353 157 3409 stes
181 3368 221 3410 ex
243 3356 370 3411 terrore
382 3369 421 3411 ac
431 3347 511 3433 fuga
520 3348 710 3433 reciperent,
732 3349 766 3412 in
786 3348 868 3412 fines
891 3349 1116 3423 Suessionum,

87 3431 144 3514 qui
165 3432 307 3516 proximi
328 3432 439 3496 Remis
470 3441 575 3508 erant,
610 3433 788 3497 exercitum
826 3432 920 3496 duxit
943 3439 976 3494 et
997 3452 1115 3516 magno

86 3515 202 3580 itinere
230 3515 381 3580 confecto
410 3517 452 3580 ad
483 3518 642 3602 oppidum
669 3515 904 3584 Noviodunum
937 3515 1115 3580 contendit.

86 3600 127 3667 Id
150 3623 192 3665 ex
213 3601 328 3665 itinere
351 3623 544 3687 oppugnare
567 3609 714 3676 conatus,
737 3599 829 3685 quod
851 3619 991 3663 vacuum
1006 3602 1047 3664 ab
1060 3600 1117 3666 de·

87 3682 276 3783 senseribus
300 3707 374 3749 esse
403 3687 572 3763 audiebat,
604 3693 743 3784 propter
770 3684 976 3782 latitudinem
1003 3683 1117 3751 fossae

86 3790 236 3853 murique
259 3770 473 3846 altitudinem,
496 3771 630 3855 ²paucrs
643 3767 904 3844 defendentibus,
928 3791 1118 3856 expugnare

87 3875 154 3920 non
176 3854 294 3939 potuit
339 3854 464 3920 Castris
486 3856 619 3919 munitis
642 3855 776 3920 ³vineas
799 3875 896 3940 agere
908 3875 1057 3940 quaeque
1073 3855 1118 3920 ad

951 3954 968 4008 3
