2468 4312
148 212 205 278 ΗΟ
489 235 531 275 na
552 233 655 275 armo
679 233 815 275 amuco

143 367 285 431 habebat
307 374 405 450 atque
426 365 544 429 horum
567 365 716 430 discessu
731 365 927 429 admaturari
946 363 1166 427 defectionem

144 452 282 517 civitatis
306 452 520 524 existimabat,
543 464 647 515 tamen
672 474 729 516 eos
763 451 951 514 retinendos
985 473 1051 513 non
1083 473 1162 513 con-

144 538 258 611 stituit,
280 561 320 601 no
343 548 398 601 aut
420 536 538 601 inferre
559 537 708 621 injuriam
729 536 894 600 videretur
906 549 962 599 aut
974 535 1052 599 dare
1068 538 1161 599 timo·

142 623 188 687 ris
211 623 351 706 aliquam
375 624 601 706 suspicionem.
655 621 907 686 Discedentibus
941 620 992 685 his
1018 623 1163 686 breviter

144 731 204 773 sua
225 710 258 772 in
281 708 439 773 Haeduos
461 709 575 771 merita
597 709 764 792 exposuit:
789 708 881 794 ²quos
901 718 929 771 et
949 731 1041 793 quam
1063 707 1162 770 brimi-

144 796 185 859 ies
207 797 372 879 accepisset,
396 795 562 879 compulsos
584 795 617 856 io
638 795 763 878 oppida.
785 794 925 856 multatos
947 796 1039 876 apris,
1063 795 1162 857 omni·

144 882 197 946 bis
225 882 332 964 ereptis
365 882 467 964 copiis,
501 881 639 964 imposito
670 881 827 963 stipendio,
860 879 1010 943 obsidibus
1041 902 1162 941 suenum

144 989 211 1030 cum
233 967 411 1029 contraroelic
434 967 560 1045 extortis,
590 975 617 1027 et
637 989 729 1051 quem
761 967 793 1027 in
817 965 980 1051 satricum
1011 988 1162 1050 quomque

143 1055 177 1115 io
199 1053 428 1136 eneplitudinem
460 1052 634 1121 dedicisset,
667 1061 700 1114 ut
730 1074 791 1114 riori
823 1051 920 1113 solum
945 1053 978 1112 ie
994 1052 1161 1134 pristinum

143 1149 253 1202 statum
279 1138 429 1208 redissent,
462 1138 534 1201 ³sed
565 1137 699 1198 oiseium
730 1147 896 1220 temporius
928 1137 1104 1219 dignitatem
1136 1146 1167 1200 ct

140 1226 277 1307 pratum
299 1224 485 1286 antecessisse
506 1223 686 1286 videremur.
729 1220 790 1285 His
814 1220 900 1285 datis
923 1220 1084 1285 mandatis
1103 1242 1162 1284 eos

143 1311 185 1373 ab
208 1331 244 1372 se
267 1306 396 1373 dimisit.

148 1438 152 1443 -
187 1393 236 1459 55.
282 1393 535 1460 ¹Noviodunum
557 1401 627 1458 erat
649 1392 805 1476 oppidum
820 1391 1032 1456 Haeduorum
1055 1392 1098 1456 ad
1121 1393 1164 1456 ri·

143 1501 204 1564 pus
237 1479 362 1562 Ligeris
397 1503 440 1563 op
455 1489 584 1542 ›ortuno
619 1478 693 1542 loco
726 1480 880 1563 positum.
936 1478 1008 1541 Huc
1041 1477 1165 1542 Caesar

145 1587 257 1630 omnes
281 1561 415 1631 obsides
429 1503 562 1638 daniae,
585 1563 788 1637 frumentum,
812 1565 979 1648 pecuniam
991 1565 1165 1649 publicam,

145 1673 279 1716 suorum
302 1663 399 1735 atque
423 1651 584 1714 exercitus
606 1649 907 1733 impedimentorum
931 1671 1076 1734 magnam
1089 1671 1165 1733 par-

144 1743 209 1800 tem
231 1738 428 1810 contulerat,
450 1736 515 1799 hue
537 1757 687 1819 magnum
710 1757 875 1799 numerum
889 1757 1045 1818 equorum
1061 1736 1163 1820 hujus

144 1822 222 1886 belli
244 1844 345 1886 causa
365 1823 398 1885 in
420 1822 513 1886 ltalia
534 1831 633 1904 atque
655 1821 814 1904 Hispania
826 1827 1010 1904 coemptum
1022 1823 1163 1884 miserat.

144 1907 196 1970 Eo
219 1929 319 1992 quum
342 1907 550 1991 Eporedorix
572 1905 865 1988 Viridomarusque
889 1907 1054 1970 venissent
1077 1918 1110 1970 et
1122 1906 1165 1970 dc

145 2001 233 2056 statu
267 1993 406 2057 civitatis
440 1992 688 2078 cognovissent,
725 1991 903 2055 Litavicum
936 1991 1088 2056 Bibracte
1122 1994 1163 2056 ab

145 2077 292 2143 Haeduis
316 2087 490 2162 receptum,
513 2077 604 2161 quod
627 2086 678 2140 est
700 2077 857 2161 oppidum
880 2076 970 2160 apud
982 2100 1040 2140 eos
1064 2078 1164 2141 maxi-

144 2185 216 2228 mae
228 2165 439 2235 auctoritatis,
464 2163 753 2226 Convictolitavem
764 2164 986 2248 magistratum
1000 2185 1165 2248 magnam·

146 2272 210 2334 que
232 2263 357 2349 partem
380 2259 513 2319 senatus
546 2248 590 2313 ad
623 2271 696 2312 eum
729 2250 929 2322 convenisse,
964 2250 1090 2334 legatos
1121 2249 1164 2312 ad

145 2335 444 2421 Vercingetorigem
477 2334 519 2398 de
541 2355 621 2418 pace
645 2347 677 2397 et
699 2335 838 2399 amicitia
870 2335 1072 2398 concilianda
1104 2358 1165 2420 pu·

145 2421 229 2485 blico
250 2422 380 2494 missos,
402 2444 467 2484 non
490 2420 809 2505 praetermittendum
820 2431 944 2484 tantum
957 2421 1164 2485 commodum

146 2507 419 2571 existimaverunt.
462 2505 577 2589 Itaque
597 2504 774 2569 interfectis
801 2506 989 2570 Novioduni
1018 2507 1165 2571 custodi-

144 2594 206 2656 bus
231 2593 350 2676 quique
374 2614 413 2656 eo
436 2590 622 2677 negotiandi
637 2612 737 2655 causa
755 2601 972 2655 convenerant
993 2594 1163 2676 pecuniam

145 2687 244 2761 atque
267 2700 370 2761 equos
392 2678 476 2740 inter
499 2699 535 2740 se
561 2677 670 2760 partiti
704 2687 796 2750 sunt3
830 2675 963 2740 obsides
997 2675 1163 2741 civitatum

144 2762 297 2827 Bibracte
320 2762 363 2829 ad
375 2763 598 2847 magistratum
610 2761 823 2826 deducendos
836 2772 1046 2836 curaverunt3
1070 2765 1165 2847 oppi-

145 2848 231 2921 dum,
255 2848 344 2931 quod
367 2869 387 2910 a
409 2869 445 2910 se
467 2847 567 2911 teneri
591 2866 656 2910 non
678 2869 779 2930 posse
801 2847 1004 2931 judicabant,
1038 2872 1078 2912 ne
1112 2850 1165 2912 cui

146 2941 234 2997 esset
247 2933 318 2996 usui
334 2933 500 3006 Romanis,
522 2932 748 3008 incenderunt3
771 2933 922 2997 frumenti
945 2934 1037 3017 quod
1052 2935 1163 2998 subito

144 3027 323 3104 potuerunt
345 3019 482 3082 navibus
505 3028 691 3093 avexerunt,
714 3019 874 3102 reliquum
902 3018 1031 3082 tiumine
1064 3033 1165 3103 atque

144 3104 295 3168 incendio
318 3115 542 3189 corruperunt.
587 3105 654 3188 [psi
677 3127 717 3167 ex
740 3105 881 3168 finitimis
904 3105 1090 3187 regionibus
1109 3129 1165 3169 eo·

144 3191 216 3274 pias
250 3212 376 3275 cogere,
409 3190 572 3288 praesidia
605 3190 839 3273 custodiasque
861 3189 905 3253 ad
926 3191 1014 3274 ripas
1037 3191 1164 3276 Ligeris

146 3276 321 3360 disponere
344 3284 586 3359 equitatumque
609 3276 759 3339 omnibus
781 3276 863 3338 locis
885 3276 1048 3360 injicieudi
1071 3278 1165 3339 timo·

143 3363 188 3425 ris
213 3383 312 3426 causa
344 3370 509 3425 ostentare
541 3372 727 3446 coeperunt,
761 3361 809 3424 ²si
831 3363 873 3425 ab
895 3383 930 3424 re
955 3361 1166 3427 frumentaria

143 3446 309 3512 Romanos
334 3446 508 3511 excludere
520 3456 577 3510 aut
589 3446 752 3511 adductos
773 3447 884 3531 inopia
905 3447 936 3509 in
963 3448 1165 3532 provinciam

145 3533 310 3617 expellere
333 3541 479 3616 possent
523 3531 629 3611 Quam
651 3533 694 3596 ad
717 3554 809 3617 spem
831 3533 966 3597 multum
990 3556 1047 3597 eos
1071 3535 1164 3618 adju·

144 3620 253 3693 vebat,
276 3617 368 3702 quod
390 3617 486 3701 Liger
509 3640 550 3681 ex
571 3618 700 3683 nivibus
723 3629 879 3693 creverat,
903 3627 939 3683 ut
962 3621 1093 3683 omnino
1108 3642 1165 3683 va·

146 3703 189 3769 do
212 3726 279 3767 non
301 3725 403 3788 posse
427 3703 555 3767 transiri
578 3703 752 3767 videretur.

188 3789 237 3853 56.
282 3788 410 3868 Quibus
432 3789 531 3853 rebus
554 3790 692 3888 coguitis
715 3789 835 3853 Caesar
856 3789 1084 3854 maturandum
1102 3790 1165 3854 sibi

146 3875 281 3953 censuit,
304 3875 331 3941 si
355 3884 445 3941 esset
454 3875 488 3940 in
497 3873 703 3959 perficiendis
726 3877 883 3961 pontibus
905 3876 1165 3963 periclitandum,
