2468 4312
97 205 139 272 38
451 224 493 266 nu
515 223 618 266 eruto
641 221 778 265 caunrco

100 397 135 407 -
161 380 235 422 nam
267 357 320 421 his
354 377 393 420 ea
424 378 503 442 pars
537 357 717 420 obvenerat
742 393 777 403 -
804 353 954 418 celeriter
982 375 1024 417 ex
1051 353 1128 418 loco

97 444 268 528 superiore
290 443 323 505 in
344 441 464 505 flumen
493 441 721 525 compulerrmt
744 448 777 503 et
797 440 937 502 transire
971 450 1128 504 conantes

96 529 235 592 insecuti
257 527 377 614 gladiis
401 548 551 611 magnam
572 534 700 610 partem
728 546 840 589 eorum
865 523 1055 608 impeditam
1082 527 1130 588 in-

96 613 305 677 terfecerunt.
349 612 419 694 lpsi
441 613 581 674 transire
609 609 728 673 flumen
751 632 818 673 non
841 609 1074 674 dubitaverunt
1098 618 1131 674 et

97 698 131 761 in
153 699 264 761 locum
284 696 431 779 iniquum
453 696 624 781 progressi
645 717 762 758 rursus
784 695 978 758 resistentes
1012 694 1129 760 hostes

96 783 322 866 redintegrato
344 782 473 864 proelio
496 781 529 843 in
550 779 661 866 fugam
685 779 855 843 dederunt.
905 780 987 843 Item
1011 779 1075 843 alia
1097 783 1131 846 in

97 878 192 952 parte
215 866 388 930 ²diversae
421 865 507 928 duae
535 865 700 951 legioneS,
733 864 905 927 undecima
935 872 968 927 et
996 872 1130 941 octava,

96 950 281 1036 profligatis
310 950 570 1025 Veromanduis,
600 950 795 1033 quibuscum
824 956 916 1011 crant
944 952 1130 1035 congressi,

99 1059 140 1100 ex
162 1037 238 1099 loco
261 1057 302 1099 su
328 1036 433 1099 eriere
454 1037 487 1098 in
509 1036 592 1119 ipsis
614 1034 755 1098 fluminis
777 1035 859 1117 ripis
874 1034 1129 1118 proeliabantur.

97 1121 162 1184 3Αἵ
184 1121 265 1185 totis
298 1057 367 1183 llere
390 1142 409 1183 a
430 1119 540 1184 fronte
563 1128 596 1183 et
628 1121 670 1184 ab
704 1119 836 1182 sinistra
869 1126 963 1202 parte
997 1120 1130 1186 nudatis

99 1206 226 1280 cestrie,
250 1227 350 1288 quum
371 1206 405 1268 in
428 1205 547 1268 dextro
570 1227 673 1268 cornu
694 1205 782 1290 legio
805 1203 1001 1268 duodecima
1016 1214 1049 1268 et
1063 1229 1131 1270 uon

98 1311 217 1374 magno
240 1292 281 1354 ab
316 1312 354 1353 ea
386 1289 561 1354 intervallo
595 1291 735 1374 septima
768 1289 981 1364 constitisset,
1015 1312 1131 1355 omnes

99 1375 212 1441 Nervii
246 1374 488 1438 confertissimo
522 1375 648 1459 agmine
682 1375 766 1440 duce
798 1374 1037 1459 Boduognat0,
1074 1377 1131 1459 qui

100 1481 260 1522 summam
280 1461 407 1543 imperii
429 1460 571 1535 tenebat,
594 1461 638 1524 ad
661 1483 735 1523 eum
749 1461 858 1523 locum
874 1460 1130 1535 contenderunt3

100 1565 240 1628 quorum
262 1566 340 1628 pers
364 1552 480 1629 aperto
502 1545 604 1608 latere
627 1547 775 1631 legiones
798 1545 1040 1622 circumvenire,
1051 1567 1131 1631 pars

100 1651 260 1693 summum
284 1642 467 1692 castrorum
489 1629 599 1692 locum
620 1641 734 1716 petere
757 1631 874 1713 coepit.

143 1714 193 1778 24.
238 1714 386 1777 ¹Eodem
408 1722 556 1798 tempore
580 1719 706 1799 equites
728 1716 835 1779 nostri
857 1715 1006 1797 levisque
1028 1735 1132 1778 arma·

99 1807 192 1863 turae
215 1799 359 1883 pedites,
393 1801 448 1883 qui
475 1822 549 1862 omn
576 1801 616 1863 iis
645 1824 711 1865 una
738 1801 882 1875 haerent,
911 1821 997 1884 quos
1025 1801 1131 1884 primo

99 1884 246 1947 hostium
278 1885 403 1969 impetu
435 1884 555 1968 pulsos
589 1886 749 1962 dixeram,
785 1907 885 1970 quum
907 1907 945 1948 se
967 1887 1000 1948 in
1023 1895 1132 1949 castra

99 1970 297 2052 reciperent,
330 1969 481 2032 adversis
514 1970 668 2035 hostibus
703 1971 919 2035 occurrebant
947 1991 986 2034 ac
1013 1992 1131 2034 rursus

101 2054 197 2116 eliam
218 2053 252 2115 in
274 2064 401 2138 partem
433 2053 544 2139 fugam
576 2058 748 2141 petebant3
783 2063 816 2118 et
838 2056 987 2129 calones,
1011 2056 1067 2139 qui
1090 2057 1131 2120 ab

102 2137 283 2200 decumana
305 2151 403 2223 porta
425 2160 464 2201 ac
487 2161 615 2203 summo
644 2141 728 2226 jugo
751 2140 848 2204 collis
869 2149 1005 2203 nostros
1029 2141 1132 2203 victo-

101 2244 155 2285 res
189 2221 309 2286 ssmnen
341 2225 481 2287 transire
514 2234 771 2309 conspexerant,
809 2224 992 2308 praedandi
1031 2247 1133 2288 causa

102 2308 235 2392 egressi,
260 2328 360 2390 quum
381 2310 609 2392 respexissent
631 2317 664 2373 et
685 2310 803 2373 hostes
817 2311 851 2372 in
865 2311 990 2372 nostris
1014 2313 1131 2373 castris

100 2392 225 2454 versari
258 2393 435 2468 vidissent,
467 2395 664 2478 praecipites
698 2394 796 2479 fragae
829 2415 902 2457 sese
924 2393 1132 2458 mandabant.

101 2475 206 2540 Simul
228 2498 350 2553 eorum,
374 2479 430 2562 qui
453 2499 526 2541 cum
547 2479 788 2563 impedimentis
803 2479 986 2553 veniebant,
1009 2480 1133 2543 clamor

100 2559 315 2644 fremitusque
339 2565 506 2626 oriebatur
527 2563 647 2647 aliique
670 2564 765 2628 aliam
798 2564 832 2626 in
859 2572 985 2648 partem
1008 2573 1132 2648 perter-

101 2646 155 2708 riti
177 2643 374 2711 ferebantur.
419 2647 547 2727 Quibus
572 2651 723 2714 omnibus
745 2649 847 2712 rebus
879 2651 1019 2732 permoti
1042 2650 1132 2734 equi·

101 2738 154 2793 tes
178 2729 321 2807 Treviri,
356 2753 496 2816 quorum
528 2734 613 2797 inter
643 2733 758 2798 Gallos
788 2733 919 2796 virtutis
946 2755 966 2796 o
992 2735 1058 2796 inio
1081 2742 1134 2797 est

103 2815 288 2899 singularis,
311 2818 367 2899 qui
389 2818 502 2880 auxilii
524 2839 625 2882 causa
653 2819 714 2883 ²ab
738 2818 870 2881 civitate
892 2817 936 2880 ad
959 2755 1134 2882 dassarem

102 2901 194 2962 missi
216 2909 382 2976 venerant,
407 2922 506 2984 quum
517 2903 724 2967 multitudine
735 2902 881 2965 hostium
893 2911 1003 2965 castra
1017 2913 1134 2967 nostra

104 2984 269 3067 compleri,
292 2995 424 3049 nostras
447 2987 595 3071 legiones
621 2989 724 3072 premi
748 2997 781 3051 et
802 3008 906 3070 paene
934 2989 1134 3051 circumven-

102 3077 155 3132 tas
168 3070 278 3143 teneri,
297 3071 439 3145 calones
464 3073 600 3154 equites
622 3073 816 3145 funditores
838 3072 1010 3146 Numidas,
1026 3072 1134 3136 diver-

104 3174 162 3215 sos
187 3153 434 3238 dissipatosque
466 3156 500 3219 in
534 3179 648 3220 omues
682 3165 793 3242 partes
815 3156 930 3242 fugere
962 3157 1134 3232 vidissent,

105 3237 289 3321 desperatis
312 3241 436 3303 nostris
459 3243 559 3306 rebus
583 3242 715 3305 domum
738 3240 992 3306 contenderunt:
1014 3242 1134 3305 Roma-

103 3344 165 3386 nos
189 3323 306 3406 pulsos
330 3334 580 3409 superatosque,
610 3328 726 3390 castris
749 3325 1055 3411 impedimentisque
1079 3350 1134 3390 eo-

103 3429 176 3470 rum
197 3409 314 3471 hostes
338 3412 463 3493 potitos
488 3412 611 3474 civitati
633 3413 917 3474 renunciaverunt.

147 3493 196 3556 25.
242 3492 384 3557 ¹Cacsar
417 3497 458 3559 ab
482 3495 626 3559 decimae
648 3497 788 3581 legionis
824 3495 1053 3559 cohortatione
1091 3496 1135 3560 ad

105 3575 256 3640 dextrum
280 3600 384 3642 cornu
404 3580 584 3663 proiectus,
606 3582 664 3646 ubi
687 3602 767 3644 suos
791 3581 899 3666 urgeri
916 3581 1083 3665 signisque
1102 3582 1135 3644 in

104 3683 203 3725 unum
226 3664 335 3727 locum
357 3664 487 3729 collatis
512 3665 726 3729 duodecimae
738 3666 876 3750 legionis
893 3665 1061 3729 confertos
1076 3667 1135 3729 mi-

104 3744 179 3807 lites
208 3748 271 3811 sibi
297 3750 392 3833 ipsos
420 3749 464 3814 ad
492 3771 636 3836 pugnam
670 3772 744 3814 esse
775 3749 1008 3834 impedimento
1037 3750 1135 3825 vidit,

107 3839 241 3910 quartae
264 3834 411 3899 cohortis
436 3836 586 3902 omnibus
613 3836 859 3901 centurionibus
888 3837 1007 3900 occisis
1037 3837 1135 3922 signi-
