2468 4312
429 253 491 295 mr.
513 253 557 294 rr.
580 252 649 295 cnr.
665 229 798 296 12-16.
1099 229 1139 298 61

155 386 204 450 14.
249 385 342 449 ¹Acie
364 384 484 470 triplici
506 383 659 448 instituta
681 391 715 447 et
736 383 887 447 celeriter
909 393 986 449 octo
1020 385 1142 450 milium

107 471 224 535 itinere
247 471 399 535 confecto
434 471 503 534 rius
515 469 558 534 ad
570 469 715 532 hostium
737 480 848 532 castra
859 471 1018 553 pervenit,
1035 491 1141 554 quem,

109 557 192 641 quid
214 566 374 640 ageretur,
408 492 438 618 ir

109 643 175 706 bus
197 642 298 705 rebus
322 641 434 704 subito
457 640 630 725 perterriti,
653 648 685 702 et
708 639 875 704 celeritate
897 641 1060 704 adventus
1083 662 1142 704 no-

109 728 171 790 stri
194 737 226 790 et
249 726 402 789 discessu
425 747 570 799 suorum,
593 746 699 808 neque
722 724 851 788 consilii
872 725 1017 789 habendi
1035 747 1142 810 neque

109 832 200 876 arma
222 810 373 895 capiendi
396 832 412 872 s
439 811 506 874 atio
530 810 609 872 dato
626 810 868 894 perturbantur,
890 811 1068 895 ⁸eopiasne
1083 811 1142 875 ad·

441 555 562 618 ermani
595 554 716 617 sentire
739 563 886 638 possent.
931 554 1017 634 ²Qui
1041 557 1142 619 omni-

109 918 228 960 versus
250 897 381 959 hostem
428 916 534 970 ucerc,
557 916 598 958 an
632 905 741 957 castra
773 894 960 971 defendere,
990 919 1032 959 an
1064 895 1143 981 fuga

110 983 250 1045 salutem
273 990 386 1065 petere
407 987 599 1064 praestaret.
655 978 804 1058 Quorum
837 981 934 1043 timor
956 1003 1056 1065 quum
1079 980 1142 1045 fre·

109 1067 191 1130 mitn
214 1076 247 1130 ct
269 1086 432 1128 concursu
456 1064 702 1150 significaretur,
725 1065 844 1127 milites
873 1067 979 1128 nostri
1012 1066 1142 1150 pristini

111 1151 176 1216 diei
198 1150 337 1236 perfidie
369 1151 491 1212 incitati
524 1150 558 1212 in
591 1160 698 1212 castra
724 1149 921 1233 irruperunt.
967 1149 1043 1229 Quo
1066 1152 1142 1214 loco

111 1237 166 1320 qui
190 1236 339 1299 celeriter
361 1256 450 1298 arma
473 1254 590 1319 capere
613 1244 801 1318 potuerunt,
823 1235 993 1319 paulisper
1019 1237 1141 1300 nostris

109 1323 304 1385 restiterunt
324 1329 424 1402 atque
445 1319 530 1383 inter
542 1340 654 1382 carros
666 1318 963 1404 impedimentaque
982 1321 1142 1404 proelium

110 1407 358 1470 commiserunt:
382 1412 416 1467 at
436 1405 564 1487 reliqua
575 1403 752 1467 multitudo
764 1426 942 1488 puerorum
958 1406 1143 1469 mulierum-

110 1513 176 1574 que
201 1528 237 1538 -
263 1510 337 1552 nam
360 1510 435 1551 eum
456 1490 608 1553 omnibus
631 1490 701 1552 suis
714 1488 814 1551 domo
826 1499 1041 1553 excesserant
1055 1491 1142 1554 Rhe-

109 1596 254 1657 numque
276 1575 474 1637 transierant
498 1611 534 1622 -
560 1575 684 1658 passim
706 1572 957 1658 fugerecoepit3
980 1575 1045 1638 ⁵ad
1057 1596 1142 1660 quos

110 1658 353 1723 consectandos
376 1657 499 1722 Caesar
521 1660 700 1742 equitatum
723 1658 818 1721 misit.

156 1744 205 1808 15.
249 1743 422 1806 ¹Germani
445 1754 525 1827 post
546 1754 675 1828 tergum
708 1743 851 1807 clamore
884 1743 1008 1817 audito,
1043 1763 1144 1826 quum

110 1850 192 1893 suos
215 1828 352 1891 interfici
374 1827 534 1901 viderent,
569 1829 667 1891 armis
697 1829 835 1911 abjectis
864 1829 1034 1913 signisque
1062 1829 1143 1891 mili·

52 1980 57 1987 ,
109 1915 237 1978 taribus
259 1914 381 1977 relictis
415 1934 452 1976 se
485 1934 528 1976 ex
561 1913 679 1977 castris
712 1913 879 1998 ejecerunt
901 1922 942 1983 et
977 1935 1076 1996 quum
1100 1912 1143 1977 ad

110 1997 329 2062 confluentem
341 1998 458 2061 Mosae
481 2009 515 2061 et
535 1998 643 2062 Rheni
664 1999 902 2082 pervenissent,
924 1999 1050 2082 reliqua
1065 1999 1144 2084 fuga

112 2084 289 2168 desperata
310 2105 428 2168 magno
452 2105 589 2147 numero
612 2082 785 2147 interfecto
808 2085 925 2168 reliqui
959 2106 996 2147 se
1023 2086 1056 2147 in
1079 2083 1143 2147 llu-

110 2191 184 2231 men
204 2169 506 2252 ‘praecipitaverunt
527 2178 626 2252 atque
647 2169 692 2234 ibi
715 2169 840 2243 timore,
861 2169 1067 2242 lassitudine,
1090 2169 1143 2232 aui

110 2253 252 2317 fluminis
276 2255 431 2337 oppressi
452 2255 628 2338 perierunt.
679 2255 796 2319 Nostri
824 2255 868 2318 ad
895 2276 996 2317 unum
1029 2275 1142 2317 omnes

110 2339 291 2403 incolumes
315 2340 490 2423 perpaucis
514 2339 692 2403 vulneratis
715 2340 779 2402 ⁴ex
801 2340 882 2403 tanti
911 2339 989 2403 belli
1018 2340 1143 2414 timore,

111 2446 213 2509 quum
236 2423 381 2487 hostium
404 2445 561 2487 numerus
585 2425 728 2508 capitum
751 2446 899 2487 ccccxxx
919 2424 1043 2486 milium
1064 2424 1143 2486 fuis·

111 2520 172 2585 set,
195 2531 233 2572 se
254 2511 286 2571 in
311 2517 420 2572 castra
442 2520 646 2592 receperunt.
691 2510 813 2573 Caesar
835 2509 897 2584 his,
926 2531 1012 2593 quos
1036 2511 1069 2572 in
1091 2530 1144 2573 ca·

111 2595 191 2660 stris
213 2595 400 2669 retinuerat,
424 2594 615 2658 discedendi
629 2604 829 2679 potestatem
850 2594 936 2658 fecit.
982 2595 1053 2658 ⁵Illi
1065 2615 1144 2678 sup·

110 2680 208 2765 plicia
231 2679 464 2764 cruciatusque
488 2679 659 2743 Gallorum
680 2681 784 2755 veriti,
808 2701 948 2764 quorum
971 2700 1070 2765 agros
1088 2699 1144 2742 ve·

111 2773 279 2837 xaverant
302 2785 470 2828 remanere
482 2786 519 2828 se
536 2765 625 2850 apud
649 2786 723 2831 eum
744 2765 831 2829 velle
854 2765 1016 2829 dixerunt
1061 2763 1143 2828 6Ηίεῑ

112 2849 236 2913 Caesar
257 2849 440 2914 libertatem
463 2851 637 2916 concessit.

159 2933 205 2998 16.
252 2932 448 2998 Germanico
471 2936 561 2999 bello
585 2934 736 2998 confecto
757 2935 870 2999 multis
883 2935 1048 3000 decausis
1064 2933 1144 3000 Cae-

112 3039 168 3082 sar
190 3021 306 3082 statuit
339 3021 401 3083 sibi
434 3020 585 3085 Rhenum
619 3041 694 3083 esse
726 3021 977 3096 transeundum
1007 3041 1145 3104 quarum

111 3105 168 3169 illa
190 3104 252 3168 fuit
268 3105 463 3191 justissima,
487 3104 588 3190 quod,
612 3126 712 3189 quum
733 3106 864 3170 videret
879 3105 1062 3170 Germanos
1078 3115 1145 3168 tam

111 3189 207 3254 facilc
229 3190 362 3276 impelli,
384 3191 475 3254 utin
499 3189 638 3254 Galliam
660 3191 816 3266 venirent,
841 3192 910 3255 suis
933 3212 1067 3275 quoque
1094 3212 1144 3254 re-

111 3277 175 3339 bus
199 3296 258 3339 eos
281 3277 394 3340 timens
416 3275 530 3350 voluit,
554 3296 655 3364 quum
679 3277 908 3362 intelligerent,
931 3283 964 3339 et
985 3297 1088 3360 posse
1111 3284 1145 3338 et

112 3360 235 3425 audere
268 3362 385 3446 populi
418 3360 557 3424 Romani
592 3362 770 3424 exercitum
805 3360 959 3425 Rhenum
995 3361 1143 3423 transire.

111 3446 279 3510 ²Accessit
301 3447 407 3518 etiam,
431 3446 523 3529 quod
545 3446 602 3509 illa
624 3468 702 3530 pars
725 3447 891 3530 equitatus
915 3444 976 3510 Usi
990 3452 1089 3508 >etum
1112 3455 1145 3508 et

111 3529 361 3600 Tencterorum,
385 3551 482 3614 quam
495 3552 597 3615 supra
608 3532 859 3595 commemoravi
880 3467 1063 3615 praedandi
1078 3529 1144 3593 fru-

111 3615 346 3698 mentandique
369 3637 470 3682 causa
492 3616 622 3686 Mosam
643 3617 805 3679 transisse
827 3637 934 3699 neque
957 3616 1086 3699 proelio
1096 3615 1144 3679 in-

112 3699 276 3775 terruisse,
298 3709 379 3785 post
399 3700 510 3785 fugam
533 3721 667 3764 suorum
690 3722 727 3763 se
749 3709 841 3763 trans
868 3700 1020 3764 Rhenum
1047 3701 1080 3764 in
1108 3699 1144 3764 fi·

112 3807 172 3849 nes
194 3786 453 3870 Sugambrorum
474 3793 647 3870 receperat
668 3804 771 3869 seque
794 3806 866 3848 cum
891 3785 932 3848 iis
965 3785 1144 3871 conjunxe-

10 3876 13 3885 '
112 3881 174 3935 rat.
218 3869 293 3937 md
326 3890 411 3956 quos
446 3890 547 3953 quum
580 3869 703 3935 Caesar
735 3871 873 3935 nuncios
906 3870 1061 3947 misisset,
1088 3871 1144 3954 qui
