2468 4312
124 233 165 299 36
486 255 528 296 na
550 253 653 296 arcto
676 251 814 296 catrico

125 398 185 452 set.
232 386 292 449 His
315 388 416 450 rebus
439 406 540 469 quum
562 386 624 449 iter
646 385 782 471 agminis
805 385 911 448 nostri
933 382 1156 468 impediretur.

125 495 193 536 non
216 471 432 534 omittendum
456 471 520 534 sibi
542 471 715 534 consilium
736 470 849 535 Nervii
878 471 1156 533 existimaverunt.

171 557 218 620 18.
264 557 344 620 Loci
367 565 484 618 natura
506 563 576 618 erat
598 555 690 629 haec,
713 556 831 639 ¹quem
852 555 962 618 locum
984 556 1088 618 nostri
1105 576 1158 618 ca·

126 642 204 705 stris
229 640 434 726 delegerant:
468 639 571 703 Collis
601 642 642 704 ab
666 662 793 703 summo
816 641 996 723 aequaliter
1019 639 1157 721 declivis

124 726 168 789 ad
195 725 314 789 llumen
339 725 459 800 Sabim,
482 723 594 808 ²quod
612 746 713 809 supra
722 725 968 800 nominavimus,
991 726 1157 810 vergebat.

127 811 198 874 ³Ab
222 832 262 874 eo
287 810 416 873 flumine
439 811 510 894 pari
533 811 717 873 acclivitate
740 809 835 873 collis
858 811 1065 885 nascebatur,
1099 809 1158 872 ad-

126 918 243 959 versus
266 895 343 958 huic
367 903 399 958 et
422 896 616 970 contrarius,
639 916 761 979 passus
785 894 913 957 circiter
926 894 1097 969 ducentos,
1109 895 1157 956 in·

125 980 221 1044 fimus
256 989 407 1064 apertus,
441 981 482 1043 ab
507 981 677 1063 superiore
700 987 793 1063 parte
817 979 996 1053 silvestris,
1025 988 1062 1043 ut
1091 1001 1159 1042 non

125 1065 221 1129 facile
244 1066 408 1128 introrsus
432 1064 577 1148 perspici
600 1072 725 1148 posset.
768 1064 859 1127 Intra
881 1085 936 1126 eas
967 1064 1068 1126 silvas
1097 1063 1158 1126 ho-

127 1159 196 1213 stes
219 1151 253 1213 in
276 1150 406 1212 occulto
431 1171 505 1212 sese
528 1150 752 1212 continebant:
774 1150 807 1211 in
823 1157 937 1233 aperto
953 1150 1029 1211 loco
1043 1170 1159 1211 secun-

127 1235 206 1298 dum
228 1234 348 1298 flumen
370 1256 494 1318 paucae
518 1235 677 1296 stationes
694 1235 839 1316 equitum
854 1233 1058 1297 videbantur.
1082 1232 1158 1296 Flu-

126 1320 221 1382 minis
245 1327 314 1382 erat
335 1317 477 1383 altitudo
500 1319 623 1401 pedum
646 1319 774 1381 circiter
795 1319 901 1382 trium.

174 1405 220 1467 19.
266 1403 388 1467 Caesar
412 1404 559 1486 equitatu
581 1405 765 1486 praemisso
779 1403 1045 1487 subsequebatur
1057 1403 1159 1465 omni-

127 1491 190 1553 bus
215 1489 334 1572 copiis3
358 1488 440 1551 ¹sed
461 1489 545 1551 ratio
570 1488 720 1572 ordoque
744 1489 880 1573 agminis
904 1489 998 1550 aliter
1032 1509 1069 1550 se
1101 1487 1159 1550 ha-

126 1575 227 1638 bebat
260 1595 298 1636 ac
331 1573 453 1658 Belgae
483 1572 525 1636 ad
554 1574 697 1638 Nervios
721 1573 914 1636 detulerant.
959 1573 1045 1638 Nam
1068 1573 1160 1655 quod

128 1658 172 1722 ad
193 1659 309 1721 hostes
334 1658 636 1742 appropinquabat,
671 1656 909 1721 consuetudine
944 1679 1005 1720 sua
1039 1657 1160 1720 Caesar

129 1765 189 1806 sex
212 1744 359 1828 legiones
384 1742 555 1827 expeditas
581 1742 736 1816 ducebat3
760 1750 839 1826 post
862 1764 918 1806 eas
941 1744 1044 1806 totius
1068 1763 1160 1805 exer-

129 1829 212 1891 citus
236 1828 468 1911 impedimenta
491 1827 687 1901 collocaram
710 1827 786 1890 inde
800 1827 884 1890 duae
895 1828 1051 1913 legiones,
1076 1848 1160 1911 quae

129 1913 278 1997 proxime
301 1914 507 1996 conscriptae
542 1920 641 1987 erant,
674 1920 781 1975 totum
814 1933 930 1997 agmen
964 1911 1162 1976 claudebant

154 1996 363 2080 raesidioquc
384 1997 624 2080 impedimentis
649 2006 748 2060 erant.
793 1993 931 2080 Equites
955 1998 1061 2060 nostri
1088 2005 1161 2060 cum

129 2018 351 2145 iuriditoribus
376 2083 620 2167 sagittariisque
643 2081 762 2146 flumen
785 2083 984 2167 transgressi
1007 2103 1080 2145 cum
1100 2082 1161 2144 ho·

131 2166 229 2227 stium
258 2168 405 2248 equitatu
438 2168 600 2250 proelium
629 2168 870 2230 commiserunt.
922 2165 1032 2246 Quum
1055 2189 1091 2229 se
1114 2167 1161 2229 illi

129 2250 308 2314 identidem
331 2253 364 2313 in
387 2252 488 2314 silvas
512 2250 555 2314 ad
579 2274 660 2315 suos
694 2254 877 2335 reciperent
906 2273 944 2314 ac
972 2273 1089 2314 rursus
1120 2273 1160 2314 ex

131 2335 216 2397 silva
238 2336 271 2397 in
293 2344 428 2399 nostros
454 2337 612 2420 impetum
639 2336 785 2400 facerent
816 2357 924 2420 neque
955 2337 1062 2400 nostri
1090 2337 1161 2399 lon·

130 2420 219 2504 gius,
253 2421 372 2503 ²quam
405 2440 502 2504 quem
524 2422 687 2484 adfinem
715 2426 869 2506 porrecta
891 2442 929 2484 ac
951 2421 1026 2483 loc‘a
1048 2430 1161 2504 aperta

130 2505 351 2588 pertinebant,
381 2505 536 2569 cedentes
565 2507 695 2591 insequi
717 2506 889 2581 auderent,
911 2506 1039 2569 interim
1061 2507 1162 2591 legio-

131 2609 189 2651 nes
214 2611 283 2662 sex,
307 2611 391 2673 quae
413 2591 536 2674 primae
558 2599 723 2666 venerant,
758 2611 858 2674 opere
881 2589 1029 2654 dimenso
1053 2600 1162 2654 castra

131 2674 256 2736 munire
279 2684 466 2759 coeperunt.
505 2675 569 2740 Ubi
590 2676 694 2759 prima
709 2674 940 2760 impedimenta
951 2676 1057 2738 nostri
1070 2697 1162 2738 excr-

132 2758 216 2820 citus
240 2760 281 2822 ab
305 2759 376 2835 his,
411 2761 521 2842 quiin
545 2760 638 2823 silvis
672 2760 775 2824 abditi
797 2761 958 2844 latebant,
980 2761 1054 2822 visa
1076 2770 1162 2836 sunt,

132 2841 225 2926 quod
246 2851 375 2927 tempus
409 2845 494 2907 inter
524 2867 582 2908 eos
607 2844 829 2908 committendi
862 2844 978 2928 proelii
1001 2867 1162 2911 convenc-

132 2935 191 3001 rat,
214 2927 259 2990 ita
281 2939 319 2991 ut
339 2929 424 2992 intra
447 2930 549 2993 silvas
574 2931 675 2992 aciem
699 2929 898 3011 ordinesque
923 2929 1163 2992 constituerant

132 3018 231 3094 atque
253 3013 317 3097 ipsi
340 3035 415 3077 sese
439 3015 718 3089 confirmaverant,
743 3014 853 3077 subito
883 3013 1033 3076 omnibus
1057 3015 1162 3098 copiis

156 3097 391 3161 revelaverunt
412 3098 634 3183 impetumque
655 3101 689 3161 in
710 3106 845 3162 nostros
863 3099 989 3180 equites
1005 3096 1162 3162 fecerunt.

168 3182 194 3243 's
226 3181 322 3245 facile
379 3184 461 3246 nisis
485 3205 524 3246 ac
546 3184 749 3267 proturbatis
776 3182 959 3247 incredibili
996 3183 1164 3246 celeritate

132 3265 176 3329 ad
198 3264 317 3330 flumen
365 3279 611 3342 ecucurrerunt‚
644 3269 703 3330 ⁴ut
734 3288 838 3351 paene
865 3288 931 3331 uno
958 3274 1106 3351 tempore
1131 3276 1163 3330 et

132 3350 175 3414 ad
199 3351 299 3414 silvas
324 3361 356 3414 et
377 3353 411 3415 in
433 3352 564 3415 flumine
588 3361 619 3415 et
636 3352 706 3437 jam
728 3351 761 3414 in
782 3352 932 3414 manibus
955 3353 1079 3414 nostris
1101 3351 1163 3414 ho-

131 3444 201 3499 stes
239 3436 437 3500 viderentur.
496 3436 623 3500 Eadem
657 3443 766 3499 autem
799 3437 964 3499 celeritate
998 3436 1162 3499 ⁵advers0

133 3519 218 3583 colle
241 3520 284 3582 ad
306 3530 421 3584 nostra
444 3531 552 3585 castra
575 3529 674 3604 atque
698 3542 771 3595 eoa,
801 3521 857 3606 qui
884 3521 917 3583 in
941 3541 1041 3606 opere
1064 3541 1162 3584 occu·

133 3605 201 3686 pati
225 3616 325 3680 erant,
349 3606 596 3669 contenderunt.

177 3687 226 3750 20.
271 3688 404 3753 Caesari
426 3691 533 3754 omnia
556 3711 621 3752 uno
644 3698 792 3772 tempore
816 3696 908 3752 erant
922 3689 1064 3774 agenda:
1087 3689 1162 3752 1re-

134 3771 248 3833 xillum
270 3774 530 3869 proponendum,
554 3773 727 3857 quoderat
748 3775 884 3858 insigne,
907 3795 1007 3856 quum
1018 3773 1061 3837 ad
1074 3793 1163 3836 arma

135 3874 285 3920 concurri
313 3869 489 3944 oporteret,
524 3860 652 3944 signum
686 3859 766 3923 tuba
799 3858 952 3934 dandum,
985 3860 1027 3923 ab
1061 3879 1162 3942 opere
