2468 4312
133 204 174 271 72
478 228 521 271 on
542 227 645 271 nunno
668 226 805 271 amuco

133 358 275 427 Pirustis
298 358 465 426 finitimam
486 369 613 445 partem
634 359 823 446 provinciae
844 359 1088 423 incursionibus
1100 380 1156 423 va·

133 447 214 511 stari
235 446 397 511 audiebat
441 445 493 511 Eo
515 467 616 530 quum
636 446 791 521 venisset,
818 446 1004 510 civitatibus
1038 446 1156 510 milites

133 532 271 616 imperat
293 540 483 617 certumque
504 531 539 596 in
559 531 668 597 locum
690 533 866 596 convenire
881 531 987 616 jubet
1032 530 1158 610 Quare

133 618 286 683 nunciata
306 618 458 682 Pirustae
479 618 608 703 legatos
631 615 759 682 adeum
773 619 913 692 mittunt,
935 618 992 699 qui
1007 615 1158 693 doceant,

133 703 215 769 nihil
237 724 346 767 earum
377 725 487 768 rerum
518 703 652 788 publico
684 701 808 767 factum
840 703 988 778 consilio,
1009 723 1158 786 seseque

133 798 269 874 paratos
292 811 367 854 esse
396 789 624 856 demonstrant
656 789 807 853 omuibus
839 790 1023 853 rationibus
1046 787 1088 852 de
1110 790 1158 853 in·

130 875 226 961 juriis
253 874 453 940 satisfacere.
497 873 620 938 ‘’Peroe
644 883 679 938 ta
709 875 859 939 oratione
890 896 1004 938 eorum
1036 873 1158 938 Caesar

135 958 271 1025 obsides
293 961 431 1045 imperat
451 980 577 1044 eosque
665 969 786 1026 certam
808 960 895 1023 diem
909 959 1030 1024 adduci
1046 960 1157 1045 jubat3

134 1046 197 1111 nisi
218 1046 264 1110 ita
283 1044 429 1122 fecerint,
451 1067 527 1110 sese
549 1046 638 1110 bello
660 1047 824 1110 civitatem
837 1055 1085 1130 persecuturum
1102 1045 1159 1110 de-

134 1139 304 1197 monstrat.
347 1131 410 1196 His
432 1131 477 1197 ad
497 1131 585 1196 diem
606 1130 759 1196 adductis
785 1140 823 1195 ut
849 1131 1075 1215 imperaverat,
1108 1153 1159 1194 ar-

134 1217 241 1283 bitros
263 1218 347 1281 inter
369 1218 518 1282 civitates
542 1216 607 1294 dat,
629 1217 721 1303 ¹⁰qui
752 1217 842 1281 litem
874 1219 1048 1282 aestiment
1078 1239 1159 1303 poe·

135 1323 276 1386 namque
298 1304 507 1368 constituant

180 1387 208 1452 2.
252 1387 314 1453 His
338 1387 496 1453 confectis
518 1390 618 1454 rebus
641 1388 922 1470 conventibusque
951 1386 1092 1471 peractis
1125 1387 1159 1451 in

137 1473 321 1539 citeriorem
344 1473 483 1539 Galliam
503 1474 678 1539 revertitur
699 1483 799 1558 atque
819 1473 897 1537 inde
919 1473 960 1537 ad
981 1473 1160 1538 exercitum

160 1558 364 1624 reficiscitur.
416 1560 470 1625 Eo
502 1581 604 1645 quum
634 1561 788 1635 venisset,
822 1559 985 1623 ¹circuitis
1008 1558 1159 1623 omnibus

136 1580 282 1709 liibcrnis
306 1646 463 1732 singulari
483 1647 621 1711 militum
648 1646 760 1711 studio
791 1646 826 1709 in
859 1666 984 1709 summa
1017 1645 1160 1709 omnium

136 1751 245 1795 rerum
265 1731 377 1816 inopia
398 1732 526 1797 circiter
547 1753 589 1795 nc
611 1731 682 1816 ejus
705 1732 843 1817 generis,
864 1731 960 1816 cujus
984 1751 1086 1814 supra
1103 1728 1161 1792 de-

136 1817 398 1893 monstravimus,
430 1839 532 1883 naves
556 1826 589 1883 ct
610 1817 726 1903 longas
751 1839 858 1881 xxvur
884 1817 1008 1880 invenit
1038 1816 1161 1880 instru-

138 1910 218 1977 ctas,
241 1923 348 1986 neque
368 1903 507 1968 multum
528 1904 648 1968 abesse
669 1903 711 1967 ab
734 1924 784 1979 eo,
816 1902 916 1985 ²quin
944 1902 1058 1986 paucis
1092 1901 1160 1965 die·

137 1987 201 2051 bus
224 1987 343 2051 deduci
365 1989 505 2074 possint.
548 1987 774 2054 ³Collaudatis
800 1988 956 2066 militibus
984 1998 1083 2071 atque
1110 1987 1160 2061 iis,

139 2071 195 2156 qui
216 2074 349 2158 negotio
372 2073 588 2158 praefuerant,
622 2074 703 2157 quid
735 2073 805 2138 fieri
831 2073 919 2147 velit,
943 2072 1089 2137 ostendit
1112 2081 1161 2136 at·

140 2178 203 2242 que
226 2180 339 2222 omnes
362 2159 405 2223 ad
427 2168 558 2244 portum
579 2159 675 2223 Itium
698 2160 872 2223 convenire
895 2160 999 2244 jubet,
1029 2180 1095 2241 quo
1119 2179 1162 2221 ex

138 2252 239 2329 portu
260 2245 560 2309 commodissimum
584 2246 617 2309 in
649 2245 847 2309 Britanniam
880 2245 1052 2329 trajectum
1085 2265 1161 2306 esse

139 2340 347 2414 cognoverat,
368 2331 518 2395 ⁴circiter
540 2331 661 2394 milium
683 2352 842 2416 passuum
852 2353 922 2392 xxx
934 2330 1161 2393 transmissum

139 2436 159 2478 a
180 2416 365 2480 continenti.
410 2416 496 2480 Huic
517 2417 564 2481 rei
587 2416 678 2500 quod
701 2416 781 2480 satis
805 2438 880 2479 esse
901 2417 1008 2479 visum
1031 2423 1083 2479 est
1103 2415 1161 2478 mi-

138 2498 231 2564 litum
253 2501 400 2587 reliquit;
422 2503 495 2587 ipse
517 2523 591 2566 cum
612 2502 796 2588 legionibus
820 2501 981 2586 expeditis
1005 2508 1162 2584 quattuor

140 2594 173 2649 et
195 2587 358 2669 equitibus
391 2609 472 2652 noce
504 2589 539 2651 iu
570 2588 652 2651 fines
684 2587 897 2651 Trevirorum
933 2587 1161 2671 proficiscitur,

140 2671 232 2757 quod
254 2672 287 2736 hi
309 2673 483 2758 nequead
511 2674 648 2738 concilia
679 2673 854 2738 veniebant
885 2693 991 2754 neque
1024 2672 1161 2755 imperio

139 2758 298 2906 parebant
321 2758 568 2845 Germanosque
590 2758 862 2824 Transrhenanos
886 2758 1063 2822 sollicitare
1075 2756 1161 2822 dice·

163 2852 266 2908 antur.

182 2929 211 2993 3.
255 2929 347 2995 Haec
369 2931 484 2997 civitas
506 2931 605 3016 louge
626 2930 801 3016 plurimum
810 2931 913 2994 totius
930 2928 1056 2993 Galbae
1072 2929 1162 3012 equi-

138 3020 210 3079 tatu
231 3016 320 3080 valet
341 3038 542 3103 magnasque
562 3017 663 3081 habet
684 3017 798 3101 copias
819 3016 975 3101 peditum,
997 3015 1162 3079 Rhenum·

139 3120 213 3184 que,
236 3102 294 3166 ¹ut
315 3124 417 3187 supra
439 3102 744 3177 demonstravimus,
765 3103 877 3187 tangit.
920 3102 957 3165 In
980 3123 1020 3164 ea
1031 3101 1163 3164 civitate

141 3186 207 3252 duo
230 3187 273 3252 de
295 3189 479 3273 principatu
500 3189 586 3253 iuter
596 3210 634 3252 se
645 3186 899 3261 contendebant,
918 3187 1161 3251 Indutiomarus

140 3280 173 3337 et
195 3271 398 3359 Cingetorix;
421 3297 440 3339 e
461 3276 581 3359 quibus
603 3273 696 3349 alter,
718 3273 836 3338 ²simul
857 3282 956 3356 atque
978 3273 1020 3336 de
1043 3270 1162 3335 Caesa

138 3358 185 3423 ris
206 3359 436 3445 legionumque
457 3360 601 3425 adventu
624 3359 791 3445 cognitum
813 3367 874 3434 est,
903 3358 947 3422 ad
969 3379 1042 3421 eum
1063 3357 1163 3429 venit,

138 3467 170 3509 se
189 3468 316 3533 auosque
337 3468 439 3511 omncs
466 3446 521 3510 ³a'o
541 3445 643 3536 officio
666 3445 793 3532 futuros
824 3467 919 3531 napae
951 3445 992 3508 ab
1024 3444 1163 3507 amicitia

134 3532 248 3616 populi
270 3534 408 3597 Rmnaoi
428 3533 593 3621 defecturos
614 3530 826 3606 confirmavit,
854 3551 1003 3614 quaeque
1024 3529 1059 3593 iu
1080 3527 1162 3592 Tre-

139 3616 218 3680 viris
233 3628 432 3702 gererentur,
454 3617 608 3683 ostendit
652 3616 698 3681 At
718 3615 966 3680 Induciomarus
983 3616 1163 3699 equitatmn

139 3700 385 3789 peditatumque
407 3725 526 3790 cogere
539 3703 663 3787 iisque,
689 3703 745 3786 qui
766 3723 826 3786 per
848 3708 987 3766 aetatem
1008 3702 1042 3764 in
1064 3700 1162 3764 armis

142 3806 293 3853 essenon
303 3800 465 3874 poteraut,
485 3789 538 3853 ⁴iu
560 3789 683 3855 silvam.
697 3786 908 3852 Arduennam
931 3786 1060 3860 abditis,
1077 3807 1162 3870 quae

140 3869 262 3956 ingenti
282 3876 503 3962 magnitudine
524 3895 584 3961 per
605 3871 733 3939 medios
754 3870 1163 3938 liuesTrevirorumatlu-
