2468 4312
430 247 491 292 ma.
512 247 557 290 vr.
601 249 670 292 car.
696 226 829 293 14-19.
1070 228 1131 293 105

146 384 194 447 17.
238 382 366 447 lDeum
389 382 529 445 maxime
550 379 750 445 Mercurium
771 381 901 445 colunt:
930 380 1030 466 hujus
1054 391 1131 446 sunt

97 468 241 554 plurima
262 467 446 531 simulacra
490 466 588 530 Hunc
610 468 753 530 omnium
781 468 986 531 inventorem
1014 469 1131 532 artium

98 553 218 628 ferunt,
240 553 328 617 huno
356 553 481 616 viarum
511 561 610 635 atque
637 552 788 616 itinerum
818 551 944 625 ducem,
971 552 1060 616 huno
1088 551 1132 615 ad

99 647 260 723 quaestus
284 638 442 722 pecuniae
464 645 732 734 mercaturasque
750 637 872 703 habere
885 638 949 700 vim
960 639 1132 702 maximam

99 725 309 789 arbitrantur.
354 722 439 785 Post
461 722 551 785 hunc
572 721 760 805 Apolhnem
782 733 816 786 et
841 722 980 786 Martem
1010 735 1043 787 et
1075 723 1132 786 Jo-

98 831 174 873 vem
197 819 230 872 et
252 808 442 872 Minervam.
492 807 544 870 De
566 806 618 870 his
646 806 782 871 eandem
815 807 893 882 fere,
929 829 1028 891 quam
1060 808 1133 870 reli-

100 915 187 979 quae
209 903 334 979 gentes
357 893 481 956 habent
493 892 692 978 opinionem:
715 893 903 977 Apollinem
926 895 1060 957 morbos
1077 893 1133 956 de·

99 979 233 1065 pellere,
267 978 469 1042 ²Minervam
503 998 640 1061 operum
673 984 772 1061 atque
806 978 1017 1042 artificiorum
1043 979 1133 1042 initia

99 1064 241 1139 tradere,
273 1062 391 1127 «Iovem
424 1063 594 1147 imperium
627 1062 820 1126 coelestium
852 1071 972 1137 tenere,
995 1063 1134 1127 Martem

100 1150 191 1216 bella
211 1170 335 1234 regere.
380 1147 496 1224 ³Huic,
525 1169 625 1231 quum
662 1144 790 1232 proelio
825 1148 979 1212 dimicare
1012 1149 1134 1212 consti-

100 1242 244 1309 tuerunt„
267 1255 314 1310 ea,
338 1254 422 1317 quae
445 1233 533 1298 bello
557 1233 712 1316 ceperint,
739 1234 932 1317 plerumque
956 1232 1134 1298 devovent:

102 1341 189 1404 quae
211 1319 440 1403 superaverint
465 1317 616 1382 animalia
645 1326 750 1401 capta,
776 1319 953 1394 immolant,
975 1319 1135 1402 reliquas-

101 1425 245 1488 queres
267 1405 301 1467 in
323 1426 423 1467 unum
444 1403 555 1467 locum
579 1401 760 1467 conferunt.
804 1403 919 1466 Multis
943 1405 976 1467 in
999 1405 1135 1468 eivitati-

101 1491 167 1556 bus
189 1488 305 1552 harum
327 1510 436 1552 rerum
459 1496 648 1551 exstructos
675 1487 820 1550 tumulos
851 1488 933 1551 locis
964 1511 1136 1553 consecra·

101 1576 146 1639 tis
172 1574 357 1657 conspicari
381 1574 464 1648 licet
487 1594 594 1655 neque
630 1594 732 1657 saepe
766 1573 893 1647 accidit,
922 1583 960 1636 ut
986 1574 1137 1659 neglecta

101 1659 267 1745 quispiam
300 1658 458 1744 religione
486 1669 543 1722 aut
570 1670 668 1742 capta
699 1657 789 1741 apud
817 1679 855 1722 se
884 1659 1050 1722 occultare
1079 1670 1137 1724 aut

102 1745 215 1831 posita
236 1743 354 1807 tollere
380 1743 525 1818 auderet
553 1744 848 1828 gravissnnumque
877 1743 907 1807 ei
933 1744 982 1807 rei
1010 1745 1136 1830 suppli-

103 1831 191 1894 cium
212 1849 286 1891 cum
309 1830 455 1892 cruciatu
478 1829 691 1893 constitutum
715 1836 775 1893 est

150 1915 198 1979 18.
244 1913 352 1976 lGalli
375 1935 413 1977 se
435 1935 550 1977 omnes
573 1915 615 1978 ab
638 1913 714 1977 Dite
736 1922 830 1997 patre
848 1923 1030 1998 prognatos
1042 1936 1136 1999 prae·

104 2000 217 2066 dicant
238 1998 339 2081 idque
361 2000 403 2063 ab
427 1998 600 2062 druidibus
623 1998 791 2083 proditum
814 1998 935 2063 dieunt.
968 1998 1043 2064 ²Ob
1067 2022 1136 2064 eam

104 2106 239 2149 causam
261 2085 370 2167 spatia
402 2085 508 2148 omnis
542 2085 700 2168 temporis
732 2106 800 2148 non
833 2105 968 2148 numero
1001 2085 1136 2158 dierum,

104 2171 169 2234 sed
191 2170 335 2233 noctium
357 2169 487 2243 finiunt3
511 2169 582 2232 dies
605 2170 731 2233 natales
755 2178 789 2233 et
810 2171 970 2233 mensium
992 2179 1138 2234 etanno·

104 2277 180 2320 rum
200 2255 293 2318 initia
315 2256 363 2318 sie
386 2256 574 2328 observant,
597 2255 654 2318 ³ut
675 2263 805 2319 noctem
818 2255 889 2318 dies
903 2256 1137 2338 subsequatur.

104 2342 144 2406 In
167 2340 304 2423 reliquis
327 2341 413 2402 vitae
435 2340 594 2403 institutis
617 2339 682 2404 hoe
693 2339 762 2403 fere
773 2341 815 2404 ab
826 2340 962 2423 reliquis
975 2338 1138 2414 differunt,

105 2425 200 2510 quod
221 2446 303 2488 suos
326 2425 465 2500 liberos
486 2425 550 2488 nisi
572 2446 673 2508 quum
695 2424 920 2499 adoleverunt,
949 2433 987 2488 ut
1019 2447 1137 2489 munus

106 2511 240 2575 militiae
263 2511 426 2573 sustinere
449 2511 588 2594 possint,
612 2511 720 2594 palam
742 2510 787 2574 ad
809 2532 847 2573 se
869 2510 959 2573 adire
981 2532 1048 2574 non
1081 2531 1139 2595 pa-

103 2595 231 2660 tiuntur
253 2595 421 2677 filiumque
442 2595 559 2679 puerili
582 2603 689 2658 aetate
710 2596 743 2659 in
765 2596 1140 2680 publicoinconspectu

105 2681 210 2766 patris
233 2681 393 2744 assistere
415 2688 512 2764 turpe
535 2679 668 2743 ducunt.
761 2714 764 2719 ·

154 2766 200 2830 19.
246 2764 346 2838 ¹Viri,
369 2776 509 2849 quantas
533 2766 689 2849 pecunias
712 2766 753 2829 ab
775 2765 937 2830 uxoribus
961 2764 1050 2829 dotis
1082 2788 1139 2831 no·

104 2851 191 2915 mine
213 2858 421 2933 acceperuut,
443 2859 552 2914 tantas
570 2871 612 2913 ex
624 2851 694 2913 suis
706 2851 803 2915 bonis
816 2851 1041 2915 aestimatione
1052 2851 1140 2916 facta

104 2956 181 2999 cum
204 2934 340 2998 dotibus
363 2936 611 2998 communicant.
646 2935 756 3018 Hujus
775 2936 879 2998 omnis
893 2937 1050 3018 pecuniae
1062 2959 1139 3000 con-

100 3020 242 3105 junctim
264 3020 347 3083 ratio
370 3019 511 3083 habetur
532 3019 727 3104 fructusque
739 3032 927 3094 servantum
940 3030 1013 3083 uter
1025 3043 1139 3084 eorum

104 3106 175 3168 vita
196 3105 375 3188 superarit,
398 3104 443 3168 ad
465 3127 539 3168 eum
561 3126 639 3188 pars
662 3106 835 3187 utriusque
869 3126 942 3169 cum
976 3103 1138 3169 fructibus

104 3189 313 3273 superiorum
337 3199 523 3273 temporum
544 3190 702 3273 pervenit.
748 3189 819 3252 Viri
839 3190 873 3252 in
896 3211 1019 3254 uxores
1054 3191 1140 3254 sicut

104 3276 140 3339 in
162 3273 285 3337 liberos
308 3275 395 3338 vitae
416 3275 575 3358 necisque
596 3274 719 3338 habent
742 3282 951 3357 potestatem,
975 3283 1009 3337 et
1038 3295 1138 3357 quum

104 3357 342 3445 paterfamiliae
362 3359 542 3423 illustriore
564 3359 641 3424 loco
662 3367 761 3422 natus
784 3358 938 3432 decessit,
962 3359 1033 3442 ejus
1063 3379 1140 3441 pro·

104 3444 222 3542 pinqui
249 3444 448 3507 conveniunt
470 3451 511 3518 et,
534 3444 597 3507 ²de
618 3453 724 3508 morte
747 3444 776 3506 si
797 3465 851 3507 res
874 3444 907 3506 in
919 3443 1140 3527 suspicionem

104 3537 206 3604 vemt,
229 3529 271 3592 de
288 3529 450 3593 uxoribus
466 3529 500 3593 in
518 3529 670 3592 servilem
687 3528 820 3592 modum
839 3530 1064 3612 quaestionem
1082 3527 1140 3592 ha·

104 3615 186 3679 bont
198 3622 239 3683 et,
263 3613 312 3676 ³si
324 3626 528 3696 compertum
539 3622 599 3686 est,
611 3613 678 3697 1gni
688 3622 788 3695 atque
799 3613 951 3676 omnibus
967 3613 1138 3676 tormentis

106 3699 313 3762 excruciatas
335 3698 540 3762 interficiunt.
584 3697 714 3762 Funera
735 3704 814 3760 sunt
836 3717 897 3780 pro
920 3697 1012 3760 cultu
1025 3695 1138 3761 Gallo-

104 3804 178 3849 rum
211 3782 383 3865 magnifioa
415 3793 448 3847 et
481 3791 684 3868 sumptuosa,
719 3781 901 3863 omniaque,
935 3803 1020 3865 quae
1053 3782 1137 3845 vivis

106 3867 202 3937 cordi
222 3865 328 3934 fuisse
349 3867 557 3945 arbitrantur,
579 3868 611 3933 in
634 3867 740 3954 ignem
761 3863 913 3944 inferunt
941 3867 1039 3933 etiam
1070 3868 1137 3932 ani-
