2468 4312
410 249 471 292 nm.
493 249 536 292 vr.
581 249 650 292 cnr.
675 228 809 294 11-14.
1059 231 1119 297 103

88 381 161 446 'Eo
183 389 253 446 tum
280 388 445 446 staturos
469 390 547 455 erat,
575 391 613 445 ut
640 382 737 467 longe
766 381 930 467 principes
958 383 1118 449 heberen-

87 476 143 532 tur
171 468 311 543 Haedui,
345 466 527 531 secundum
559 466 671 530 locum
705 466 872 553 dignitatis
905 460 1000 532 Remi
1034 471 1119 534 obti-

87 562 213 617 nerent.
1103 600 1107 609 .

134 639 183 702 13.
227 637 284 702 ¹In
306 636 395 701 omni
418 635 525 701 Gallia
557 658 670 701 corum
703 637 879 711 hominum,
918 639 974 722 qui
1007 639 1118 722 aliquo

88 731 167 786 sunt
188 744 324 787 numero
347 731 446 806 atque
468 722 604 798 honore,
627 744 747 809 genera
758 732 836 787 sunt
858 723 941 788 duo:
963 746 1038 789 nam
1050 725 1120 810 ple·

87 809 149 872 bes
173 829 277 893 paene
300 829 471 872 servorum
493 808 634 872 habetur
669 807 754 883 loco,
789 829 873 892 quse
905 809 987 872 nihil
1019 809 1120 874 audet

87 914 149 976 per
171 915 217 969 se,
240 893 332 957 nullo
355 893 531 958 adhibetur
553 893 702 957 consilio.
752 893 915 978 Plerique,
945 916 1045 979 quum
1063 904 1120 961 aut

88 999 164 1044 aere
188 979 294 1042 alieno
316 987 374 1042 aut
394 977 617 1064 magnitudine
638 979 838 1044 tributorum
849 986 905 1044 aut
927 980 1045 1066 injuria
1059 1003 1119 1065 po·

86 1063 265 1128 tentiorum
286 1074 487 1148 premuntur,
510 1085 586 1127 sese
607 1066 641 1127 in
664 1065 854 1128 servitutem
877 1064 988 1129 dicant
1002 1068 1118 1130 nobili-

87 1149 167 1213 bus:
190 1149 223 1212 in
245 1149 309 1213 hos
333 1148 449 1213 eadem
471 1149 580 1213 omnia
601 1158 680 1212 sunt
696 1151 782 1234 jura,
809 1171 893 1233 quae
922 1149 1063 1214 dominis
1086 1153 1120 1214 in

88 1255 216 1298 servae.
265 1234 335 1299 Sed
363 1234 406 1298 de
434 1234 486 1298 bis
520 1233 653 1298 duobus
709 1236 861 1298 oneribus
894 1235 1034 1299 alterum
1068 1245 1120 1300 est

88 1319 252 1394 druidum,
285 1320 423 1383 alterum
457 1319 611 1404 equitum.
662 1256 734 1383 ²fili
755 1321 855 1384 rebus
879 1320 998 1384 divinis
1020 1322 1120 1385 inter·

88 1412 176 1478 sunt,
199 1404 359 1468 sacrificis
373 1405 507 1488 publica
528 1425 567 1468 ac
589 1404 718 1489 privata
731 1415 919 1489 procurant,
942 1406 1118 1492 religiones

87 1489 353 1572 interpretantur.
397 1489 452 1552 Ad
474 1489 537 1552 hos
560 1510 698 1574 magnus
726 1489 985 1553 adolescentium
1007 1514 1119 1555 nume-

87 1597 145 1639 rus
169 1574 363 1659 disciplinae
396 1595 498 1638 causa
533 1575 706 1650 concurrit,
741 1575 946 1672 ³magn0que
978 1576 1013 1639 hi
1042 1586 1120 1641 sunt

87 1661 179 1745 apud
202 1681 260 1723 eos
283 1659 420 1723 honore.
468 1660 553 1725 Nam
575 1658 645 1723 fere
667 1660 709 1723 de
743 1661 894 1723 omnibus
929 1670 1120 1725 controver-

88 1748 146 1810 siis
169 1746 310 1830 publicis
334 1745 538 1830 privatisque
571 1746 777 1808 constituunt
805 1754 845 1818 et,
878 1745 907 1807 si
941 1745 1034 1829 quod
1068 1757 1119 1811 est

87 1831 269 1897 admissum
289 1830 426 1905 facinus,
449 1831 478 1894 si
500 1829 619 1893 caedes
641 1828 737 1903 facta,
760 1830 789 1893 si
812 1829 854 1893 de
869 1830 1060 1907 hereditate,
1077 1832 1119 1896 dc

86 1918 208 1981 finibus
220 1918 449 1980 controversie
459 1925 520 1990 est,
542 1915 639 1979 iidem
663 1916 858 1988 decernunt3
880 1919 1025 2001 praemia
1039 1939 1119 2002 poe·

86 2023 215 2085 nasque
238 2002 457 2076 constituunt3
483 2001 534 2064 ⁴ei
557 2002 612 2084 qui
635 2007 693 2064 aut
715 2002 863 2084 privatus
893 2010 950 2066 aut
971 2004 1118 2087 populus

87 2108 202 2152 eorum
225 2086 360 2151 decreto
382 2109 449 2150 non
472 2087 572 2159 stetit,
596 2086 763 2149 sacrificiis
784 2087 993 2152 interdicunt.
1026 2088 1118 2154 Haec

86 2194 195 2257 poena
217 2170 309 2255 apud
331 2193 390 2235 cos
414 2179 467 2234 est
487 2171 691 2256 gravissima.
737 2169 866 2249 Quibus
889 2173 935 2235 ita
957 2181 1010 2237 est
1019 2173 1118 2239 inter·

87 2257 221 2332 dictum,
244 2257 278 2320 hi
300 2277 436 2320 numero
469 2256 642 2340 impiorum
665 2277 704 2319 ac
727 2256 962 2320 sceleratorum
995 2257 1118 2323 haben-

86 2353 150 2416 tur,
173 2343 226 2406 bis
250 2363 364 2405 omnes
388 2340 562 2415 decedunt,
585 2341 710 2404 aditum
732 2362 847 2404 eorum
869 2362 1119 2427 sermonemque

86 2427 268 2512 defugiunt,
289 2448 331 2490 ne
354 2425 434 2511 quid
458 2447 500 2489 ex
522 2427 717 2511 contagione
727 2425 927 2489 incommodi
942 2427 1118 2510 accipient;

86 2514 215 2596 ⁵neque
236 2512 289 2575 his
311 2512 500 2595 petentibus
517 2510 576 2595 jus
598 2511 750 2575 redditur
770 2531 878 2593 neque
904 2510 1013 2574 honos
1029 2514 1118 2578 ullus

87 2599 353 2662 communicatur.
398 2596 459 2660 His
482 2605 590 2659 autem
613 2597 765 2659 omnibus
789 2595 963 2660 druidibus
986 2608 1120 2680 praeest

85 2704 183 2757 unns,
206 2683 263 2766 qui
286 2702 443 2746 summam
466 2681 550 2744 inter
573 2703 632 2746 eos
655 2681 757 2745 habet
778 2682 1016 2744 auctoritatem.
1045 2683 1120 2747 Hoc

87 2780 218 2832 mortuo
242 2775 307 2842 aut,
330 2767 358 2829 si
381 2767 437 2850 qui
461 2788 502 2830 ex
523 2766 660 2849 reliquis
687 2766 820 2831 excellit
849 2765 1016 2850 dignitate,
1046 2789 1120 2831 suc-

87 2853 184 2927 cedit,
218 2858 284 2927 aut,
317 2850 366 2914 “si
388 2860 469 2915 sunt
489 2851 602 2935 plures
625 2872 732 2935 pares,
766 2850 922 2936 suffragio
955 2850 1120 2928 druidum,

86 2957 321 3020 nonuunquam
355 2937 452 2999 etiam
485 2936 583 2999 armis
618 2937 660 3000 de
693 2937 880 3020 principatu
906 2937 1118 3002 contendunt.

88 3022 131 3085 Hi
154 3029 246 3085 certo
258 3022 332 3084 anui
345 3029 493 3105 tempore
504 3021 537 3084 in
553 3020 673 3084 finibus
696 3019 884 3094 Carnutum,
907 3021 919 3060 ¹
950 3042 1012 3085 uae
1026 3025 1118 3107 regio

86 3107 190 3171 totius
215 3105 342 3169 Galliae
364 3106 472 3170 media
504 3105 653 3179 hebetur,
687 3105 865 3170 considunt
886 3106 919 3168 in
927 3042 1018 3169 1ioco
1042 3128 1120 3170 con·

87 3198 227 3256 secrato.
272 3191 347 3254 Huc
370 3213 484 3254 omnes
512 3191 667 3274 undique,
702 3191 758 3273 qui
786 3192 1032 3254 controversias
1061 3191 1120 3254 ha·

86 3278 174 3347 bent,
197 3277 397 3339 conveniunt
417 3297 597 3360 eorumque
613 3275 756 3339 decretis
774 3274 976 3360 judiciisque
1017 3283 1118 3339 erent.

86 3361 291 3445 ⁸Diseiplina
312 3363 345 3424 in
366 3360 534 3424 Britannia
555 3370 688 3444 reperta
709 3367 809 3444 atque
823 3358 901 3425 inde
922 3361 955 3422 in
1010 3359 1119 3423 alliam

86 3447 248 3510 translata
264 3482 267 3487 ·
281 3467 356 3509 esse
389 3445 609 3519 existimatum
643 3454 677 3510 et
709 3466 806 3518 nunc,
840 3444 896 3527 qui
930 3442 1117 3525 diligentius

87 3553 157 3596 eam
180 3553 250 3594 rem
276 3550 478 3614 cognoscere
504 3530 631 3605 volunt,
659 3529 853 3615 plerumque
880 3527 939 3592 illo
969 3523 1118 3592 discendi

86 3638 187 3681 ceusu
209 3616 470 3700 proficiscuntur.

133 3703 180 3766 14.
225 3699 370 3764 Druides
393 3721 413 3763 a
434 3699 524 3764 bello
547 3701 666 3763 abesse
688 3705 891 3762 consuerunt
920 3718 1029 3782 neque
1061 3698 1118 3762 tri-

86 3787 167 3850 buta
189 3806 352 3849 unacum
374 3785 510 3868 reliquis
539 3783 703 3870 pendunt:
732 3783 885 3847 ¹militiao
913 3784 1118 3848 vacanoncm

86 3871 297 3956 omnimnque
329 3891 440 3935 rerum
472 3868 597 3936 babent
626 3870 869 3934 immunitatem.
920 3866 1038 3933 Tantis
1062 3891 1118 3933 ex·
