2468 4312
280 231 341 274 uns.
364 233 395 275 v.
429 231 499 274 eur.
512 209 554 274 56
579 247 616 259 —
640 232 702 274 nn.
718 232 763 275 v1.
796 231 866 274 cnr.
888 210 918 276 2.
1068 212 1110 277 97

75 361 220 450 effirgere
242 365 391 441 nolebat3
420 386 543 450 magna
574 364 733 450 proponit
753 363 815 440 his,
839 365 896 448 qui
918 365 1110 445 occiderint,

76 451 237 534 praemia
260 451 423 515 submittit
434 451 591 515 cohortes
604 450 770 534 equitibus
793 450 954 516 subsidio,
999 451 1110 516 ⁵Com·

76 535 351 620 probethominis
364 536 539 600 consilium
549 535 682 600 fortune
704 543 746 611 et,
769 555 871 618 quum
882 559 982 601 unum
995 559 1109 602 ornnes

76 629 237 704 peterent,
259 622 292 684 in
314 622 390 705 ipso
413 621 555 685 fluminis
576 622 665 686 vado
695 620 924 705 deprehensus
957 622 1110 688 lnducio-

76 726 188 771 merus
210 706 402 770 interficitur
439 716 605 790 caputque
640 708 712 792 ejus
745 705 887 770 refertur
919 708 953 771 in
986 716 1110 784 castren

76 790 254 856 redeuntes
278 793 416 874 equites,
439 812 525 875 quos
556 800 711 877 possunt
745 800 978 856 consectentur
1010 802 1111 878 atque

77 876 242 941 occidunt.
286 876 360 941 Hac
381 899 417 941 re
440 878 572 963 cognita
605 899 718 940 omnes
751 877 946 945 Eburonum
972 887 1006 942 et
1028 881 1110 943 Ner-

75 962 215 1038 viorum,
239 982 323 1045 quae
347 972 576 1037 convenerant
599 964 714 1047 copiae
737 962 922 1039 discedunt,
943 964 1110 1048 pauloque

75 1046 194 1112 hebuit
214 1055 295 1134 post
315 1048 351 1112 id
372 1047 495 1113 factum
518 1048 640 1113 Caesar
662 1048 856 1132 quietiorem
879 1048 1027 1113 Galliam.

447 1389 640 1455 LIBER
675 1389 738 1455 VI.

123 1564 149 1627 l.
193 1561 309 1626 Multis
333 1562 375 1626 de
398 1561 506 1625 causis
520 1561 642 1624 Caesar
653 1561 811 1645 majorem
835 1560 961 1625 Galliae
983 1572 1107 1626 motum

75 1655 275 1732 exspectans
298 1668 358 1732 per
379 1647 424 1711 M.
447 1646 603 1717 Silanum,
626 1645 660 1708 C.
682 1647 861 1709 Antistium
883 1647 1051 1731 Reginum,
1067 1647 1106 1711 T.

74 1733 226 1797 Sextium
248 1734 378 1818 legatos
412 1732 567 1796 dilectum
600 1732 723 1795 hebere
744 1732 900 1805 instituit3
935 1733 1032 1794 simul
1066 1734 1106 1795 ab

76 1817 171 1882 Gneo
194 1817 356 1903 Pompejo
379 1817 580 1901 proconsule
603 1819 694 1900 petit,
717 1818 891 1900 ‘2qu0nia1n
913 1816 1041 1900 ipsead
1054 1840 1107 1880 nr-

75 1904 152 1968 bem
174 1925 248 1966 cum
270 1904 406 1986 imperio
430 1905 477 1966 rei
500 1903 651 1987 publicae
674 1923 773 1965 causa
796 1913 986 1976 remaneret,
1021 1923 1106 1986 quos

76 2010 119 2053 ex
142 1987 308 2072 Cisalpina
331 1987 439 2051 Gellia
461 1989 607 2051 consulis
631 1998 835 2052 sacramento
853 1989 1047 2072 rogavisset,
1064 1987 1107 2051 ed

76 2074 171 2159 signa
193 2074 368 2137 convenire
392 2081 424 2136 et
446 2073 488 2136 ed
512 2095 548 2136 se
570 2074 735 2156 proficisci
754 2073 895 2158 juberet,
919 2074 1046 2157 ³megni
1060 2074 1108 2136 in·

75 2169 204 2223 teresse
232 2159 327 2222 etiem
356 2160 390 2222 in
415 2159 577 2240 reliquum
599 2167 730 2242 tempus
753 2159 797 2221 ad
820 2159 1006 2242 opinionem
1030 2157 1107 2222 Gal·

74 2245 139 2308 liae
162 2244 361 2318 existimans,
384 2252 492 2306 tantas
515 2244 620 2307 videri
642 2245 755 2307 ltaliae
783 2243 966 2319 facultates,
1000 2252 1045 2317 ut,
1079 2244 1108 2306 si

76 2329 158 2413 quid
181 2337 271 2393 esset
292 2331 326 2392 in
348 2329 437 2393 bello
461 2329 645 2391 detrimenti
668 2337 847 2412 acceptum,
870 2350 936 2392 non
958 2327 1060 2391 modo
1072 2328 1108 2391 id

75 2415 170 2479 brevi
192 2423 341 2498 tempore
364 2414 485 2488 sarciri,
509 2413 571 2476 sed
594 2415 690 2477 etiem
712 2414 893 2497 majoribus
916 2414 1028 2497 augeri
1053 2434 1108 2476 co·

75 2501 139 2585 piis
163 2508 288 2584 posset
342 2498 466 2577 ⁴Quod
499 2519 600 2583 quum
628 2498 808 2583 Pompejus
832 2509 865 2562 et
886 2499 934 2561 rei
955 2498 1107 2582 publicae

76 2585 291 2651 etnmicitiae
314 2585 492 2658 tribuisset,
516 2585 665 2647 celeriter
687 2583 839 2648 confecto
862 2605 922 2667 per
944 2605 1024 2646 suos
1060 2583 1107 2645 di-

74 2671 165 2734 lectu
196 2670 305 2734 tribus
338 2678 414 2732 ente
447 2680 595 2732 exactam
628 2668 766 2732 hiemem
801 2677 833 2732 et
864 2669 1051 2733 constitutis
1075 2676 1108 2732 et

75 2755 229 2819 adductis
253 2754 437 2840 legionibus
461 2754 696 2838 duplicatoque
719 2775 830 2817 earum
852 2754 1037 2818 cohortium
1049 2776 1108 2816 nu·

74 2862 176 2915 mero,
223 2861 283 2903 uas
307 2861 382 2903 cum
406 2838 445 2918 Q.
468 2839 599 2903 Titurio
630 2840 792 2915 emiserat,
827 2848 860 2902 et
885 2840 1051 2902 celeritate
1075 2848 1107 2902 et

75 2926 182 3010 copiis
200 2861 328 3000 docuit
362 2923 443 3009 quid
475 2924 593 3009 populi
624 2924 764 2989 Romani
798 2924 972 3008 disciplina
1007 2932 1107 3007 etque

76 3031 160 3096 opes
183 3020 332 3095 possent.
437 3039 439 3044 ¹

119 3095 148 3160 2.
193 3094 370 3160 Interfecto
398 3093 638 3170 induciomaro,
671 3102 709 3158 ut
742 3092 923 3170 docuimus,
957 3092 999 3158 ad
1034 3092 1106 3178 ejus

77 3181 285 3266 propinquos
308 3202 328 3244 a
350 3179 497 3244 Treviris
521 3180 692 3264 imperium
715 3178 870 3242 defertur.
915 3179 988 3242 ¹Illi
1011 3179 1107 3241 finiti·

75 3287 149 3330 mos
179 3264 361 3329 Germanos
396 3265 574 3329 sollicitare
598 3274 631 3329 et
653 3266 824 3349 pecuniam
857 3263 1007 3348 polliceri
1038 3284 1107 3326 non

76 3351 257 3425 desistuut3
287 3372 389 3435 quum
415 3352 455 3414 ab
478 3351 637 3434 proximis
660 3351 834 3434 impetrare
862 3370 930 3412 nou
957 3357 1106 3431 possent,

75 3436 250 3500 ulteriores
272 3443 408 3500 tentant.
451 3435 597 3499 Inventis
613 3435 779 3499 nonnullis
792 3433 977 3498 civitatibus
1000 3433 1107 3516 ²jure·

70 3521 217 3607 jurando
240 3522 325 3584 inter
347 3542 385 3583 se
407 3520 601 3585 confirmant
628 3519 869 3601 obsidibusque
903 3517 945 3580 de
967 3517 1107 3601 pecunia

76 3613 208 3682 cevent3
241 3607 463 3690 Ambiorigem
497 3605 560 3669 sibi
593 3606 752 3668 societate
775 3612 809 3666 et
829 3601 964 3666 foedere
990 3601 1106 3686 adjun-

74 3699 165 3777 gunt.
210 3688 339 3770 Quibus
361 3692 461 3754 rebus
486 3690 625 3776 cognitis
660 3688 789 3763 Caesar,
828 3708 927 3770 quum
959 3686 1106 3770 undiquc

74 3776 200 3840 bellum
227 3776 336 3859 parari
363 3777 498 3850 videret,
532 3775 683 3847 Nervios,
716 3772 910 3836 Aduatucos
933 3793 972 3834 ec
993 3772 1106 3835 Mena·

75 3861 152 3947 pios
175 3859 340 3946 adjunctis
365 3860 576 3925 Cisrhenanis
600 3859 751 3924 omnibus
776 3855 946 3920 Germanis
976 3879 1051 3920 esse
1073 3858 1107 3920 iu

940 3955 957 4011 7
