2468 4312
306 240 367 283 rm.
389 239 432 282 ιν.
466 239 535 282 car.
547 218 590 283 34
614 255 650 267 -
675 239 786 283 cmm.
818 240 887 282 car.
912 218 939 283 l.
1087 221 1127 286 71

105 370 201 436 terim
221 372 328 436 nostri
350 371 469 435 milites
491 372 646 458 impetum
668 371 813 436 hostium
836 372 1061 438 sustinuerunt
1082 382 1130 438 at·

107 479 171 542 que
194 457 334 542 amplius
357 457 449 521 horis
472 466 630 542 quattuor
650 457 829 522 fortissime
850 469 1080 544 pugnaverunt
1097 468 1131 524 et

104 542 222 627 paucis
244 543 435 608 vulneribus
458 545 602 629 acceptis
630 544 817 630 complures
847 565 888 607 ex
920 543 973 608 his
1002 544 1131 610 occide·

104 638 190 693 runt.
234 627 378 693 ⁵Postea
409 649 490 693 vero
524 651 621 714 quam
656 630 822 715 equitatus
854 638 970 694 noster
996 631 1029 694 in
1051 652 1130 696 con·

106 722 257 798 spectum
279 716 376 791 venit,
398 713 515 779 hostes
537 715 675 799 abjectis
703 715 801 779 armis
833 725 926 802 terga
959 725 1131 781 verterunt

104 820 242 884 magnus
268 822 309 864 ue
330 821 444 864 eorum
466 822 620 865 numerus
643 807 695 864 est
717 802 857 865 occisus.

148 886 198 951 38.
243 821 365 949 gueser
385 897 527 985 postero
551 885 605 951 die
630 885 742 950 Titum
774 886 953 951 Labienum
986 888 1130 975 legatum

105 992 178 1035 cum
201 969 253 1035 his
275 971 470 1058 legionibus,
492 993 576 1058 quas
599 993 641 1035 ex
667 971 836 1036 Britannia
862 972 1048 1049 reduxerat,
1077 974 1131 1038 ¹in

104 1055 263 1133 Morinos,
297 1058 353 1143 qui
385 1058 597 1122 rebellionem
627 1056 781 1132 fecerant,
804 1058 898 1121 misit
943 1057 1007 1138 Qui
1030 1080 1130 1143 quum

129 1151 244 1227 ropter
275 1143 441 1207 siccitates
473 1143 640 1229 paludum,
673 1165 740 1229 quo
769 1165 806 1207 se
838 1143 1029 1228 reciperent,
1062 1166 1129 1209 non

148 1228 272 1302 berent,
304 1250 372 1312 quo
405 1230 576 1314 superiore
609 1250 707 1294 anno
727 1227 877 1314 perfugio
909 1227 1040 1294 fuerant
1067 1231 1129 1305 usi,

105 1335 219 1377 omnes
251 1313 320 1378 fere
351 1314 385 1378 in
417 1323 616 1399 potestatem
648 1315 783 1380 Labieni
810 1323 1039 1400 pervenerunt.
1083 1315 1129 1380 At

106 1398 145 1478 Q.
168 1397 316 1464 Titurius
340 1409 373 1463 et
395 1399 432 1463 L.
455 1399 553 1464 Cotta
574 1400 682 1487 legati,
711 1400 821 1486 quiin
844 1400 1070 1486 Menapiorum
1092 1401 1129 1464 fi-

103 1505 164 1549 nes
188 1485 334 1570 legiones
357 1484 528 1561 duxerant,
552 1488 702 1551 omnibus
726 1508 838 1550 eorum
859 1487 947 1572 agris
980 1487 1128 1561 vastatis,

102 1569 273 1634 frumentis
307 1572 454 1647 succisis,
487 1569 644 1636 aedificiis
676 1573 826 1646 incensis,
849 1570 961 1655 ³quod
982 1571 1128 1656 Menapii

103 1676 142 1720 se
163 1678 277 1720 omnes
299 1657 333 1720 in
355 1656 568 1722 densissimas
591 1658 693 1722 silvas
715 1657 917 1729 abdiderant,
940 1657 1032 1720 seed
1048 1656 1129 1721 Cae·

103 1763 211 1805 sarem
233 1752 435 1827 receperunt.
480 1742 602 1808 Caesar
623 1745 657 1807 in
678 1743 789 1828 Belgis
807 1743 949 1805 omnium
962 1742 1128 1828 legionum

102 1826 241 1891 hiberna
262 1829 442 1893 constituit.
485 1828 536 1893 Eo
560 1828 645 1894 duae
668 1829 799 1893 omnino
822 1828 970 1892 civitates
993 1849 1035 1892 ex
1056 1827 1129 1892 Bri·

101 1913 214 1977 tannia
241 1913 378 1978 obsides
405 1915 571 1990 miserunt,
598 1915 744 2000 reliquae
771 1913 993 1999 neglexerunt.
1043 1913 1127 1978 ⁴His

101 1999 203 2063 robus
225 1999 330 2084 gestis
352 2022 394 2063 ex
416 2000 533 2064 litteris
557 1999 707 2065 Caesaris
731 1999 855 2065 dierum
870 2000 984 2088 viginti
999 1999 1127 2087 suppli·

103 2085 189 2149 catio
211 2105 232 2149 a
254 2094 370 2150 senatu
392 2085 526 2150 decreta
548 2093 608 2151 est.

514 2261 712 2276 m

481 2428 671 2495 LIBER
706 2429 748 2495 V.

146 2600 173 2666 l.
219 2599 275 2664 ¹L.
298 2599 452 2677 Domitio,
475 2601 536 2752 Ap.
561 2600 699 2665 Claudio
728 2600 921 2665 consulibus
949 2599 1125 2666 discedens

100 2685 143 2751 ab
165 2685 310 2751 hibernis
334 2686 498 2751 Caesarin
527 2687 644 2761 taliam,
667 2695 704 2752 ut
726 2687 902 2770 quotannis
924 2684 1032 2751 facere
1047 2709 1125 2751 con-

101 2786 222 2847 suerat,
244 2772 380 2857 ²legatis
402 2773 548 2857 imperat,
582 2794 668 2858 quos
701 2773 885 2858 legionibus
913 2771 1125 2857 praefecerat,

100 2858 149 2920 uti
171 2858 447 2942 quamplurimas
470 2858 736 2943 possenthieme
768 2880 870 2921 naves
903 2858 1124 2922 aedificandas

100 2950 296 3028 veteresque
318 2943 511 3008 reficiendas
534 2952 693 3009 curarent
736 2943 879 3008 ‘Earum
900 2943 1033 3008 modum
1057 2942 1125 3008 for·

100 3048 251 3111 mamque
273 3028 485 3093 demonstrat
531 3030 599 3094 5Αᾱ
625 3030 823 3094 celeritatem
856 3030 1014 3094 onerandi
1048 3031 1125 3094 sub·

101 3113 340 3199 ductionesque
362 3115 466 3200 paulo
483 3114 564 3179 facit
584 3114 784 3190 humiliores,
818 3136 916 3199 quam
950 3116 1069 3198 quibus
1091 3115 1124 3180 in

99 3209 217 3264 nostro
239 3201 319 3263 mari
341 3202 389 3265 uti
411 3202 652 3276 consuevimus,
674 3210 773 3286 atque
794 3200 830 3264 id
853 3201 1016 3286 eomagis,
1033 3199 1125 3284 quod

99 3293 237 3384 propter
260 3288 392 3350 crebras
415 3288 685 3351 commutationes
707 3294 857 3351 aestuum
867 3287 973 3350 minus
985 3306 1123 3370 magnos

99 3370 145 3434 rbi
178 3369 298 3435 lluctus
332 3372 401 3436 fieri
434 3382 651 3458 cognoverat3
680 3370 744 3436 ⁶ad
777 3392 877 3436 onera
909 3393 948 3434 ao
980 3371 1124 3435 multitu-

100 3455 208 3520 dinem
215 3457 439 3542 jumentorum
449 3457 737 3543 transportandam
749 3457 850 3542 paulo
866 3456 1009 3533 latiores,
1025 3477 1123 3541 quam

100 3542 221 3627 quibus
232 3544 265 3606 in
276 3544 412 3627 reliquis
424 3545 545 3608 utimur
565 3545 719 3608 maribus.
764 3542 855 3606 'Has
878 3563 991 3606 omnes
1013 3552 1124 3606 actua·

98 3628 165 3692 ries
187 3629 326 3714 imperat
347 3629 426 3704 fieri,
449 3649 548 3713 quam
569 3629 612 3693 ad
634 3651 703 3701 rem
724 3628 891 3692 humilitas
913 3629 1050 3692 multum
1066 3627 1124 3694 ad·

92 3713 201 3800 juvat
245 3714 302 3790 Ea,
325 3715 431 3798 ⁸quae
453 3723 531 3778 sunt
551 3715 627 3778 usui
659 3714 703 3779 ad
735 3712 908 3778 armandas
937 3735 1048 3788 neree,
1081 3737 1123 3778 ex

98 3800 261 3885 Hispania
293 3800 463 3885 apportari
490 3799 598 3886 jubet·
648 3800 726 3885 lpse
759 3798 973 3864 conventibus
997 3799 1124 3864 Galliae

99 3885 261 3952 citerioris
288 3887 432 3972 peractis
464 3886 498 3950 in
529 3886 697 3974 Illyricum
728 3885 957 3972 proficiscitur,
990 3886 1124 3972 quoda
