2468 4312
99 223 141 290 30
451 245 494 287 na
516 243 620 287 nunno
642 243 779 288 oanmco

100 398 215 441 eorum
248 376 357 440 omnia
390 396 427 439 se
459 375 582 440 habere
616 376 804 460 explorata,
837 375 931 440 Remi
964 375 1134 455 dicebant,

99 473 278 546 propterea
300 461 394 545 quod
415 462 738 546 ²propinquitatibus
761 461 1042 547 affinitatibusque
1055 486 1134 528 con·

93 548 210 634 juncti,
234 549 395 631 quantam*
412 547 553 631 quisque
575 546 815 611 multitudinem
829 549 863 611 in
878 549 1042 611 communi
1057 548 1134 613 Bel·

98 655 214 720 garum
237 633 377 696 concilio
401 632 445 696 ad
467 632 503 695 id
524 632 649 697 bellum
676 633 844 716 pollicitus
874 634 932 708 sit,
967 655 1133 719 cognove-

57 792 63 805 ,
96 720 171 787 rint.
216 718 394 782 Plurimum
416 719 501 781 inter
524 740 583 781 eos
598 717 797 781 Bellovacos
821 726 855 781 et
876 719 997 782 virtute
1020 727 1054 783 et
1076 741 1133 782 au·

99 804 251 869 ctoritate
274 811 308 866 et
328 802 495 866 hominum
516 825 653 867 numero
675 804 801 876 valere3
830 803 895 866 hos
928 826 1031 888 posse
1054 827 1132 869 con·

98 889 195 953 ficere
224 896 349 952 armata
374 889 463 952 milia
490 897 634 964 centmn,
666 889 834 973 pollicitos
868 910 972 953 exeo
994 911 1132 955 numero

99 975 204 1039 electa
226 975 406 1060 sexaginta,
428 975 597 1058 totiusque
618 974 697 1038 belli
719 975 890 1058 imperim
923 975 986 1038 sibi
1014 984 1133 1059 postu·

96 1059 176 1134 lare,
220 1059 418 1124 Suessiones
442 1080 523 1122 suos
547 1081 622 1122 esse
643 1059 814 1135 finitimos3
843 1058 926 1122 fines
949 1060 1130 1124 latissimos

98 1143 387 1228 feracissimosque
410 1166 509 1230 agros
531 1143 713 1228 possidere.
758 1144 858 1228 Apud
883 1166 941 1208 eos
963 1143 1068 1208 fuisse
1078 1167 1130 1210 re·

98 1251 173 1315 gem
193 1238 309 1293 nostra
332 1231 429 1293 etiam
449 1231 605 1293 memoria
628 1230 853 1306 ³Divitiacu1n,
876 1231 978 1293 totius
1003 1229 1131 1294 Galliae

98 1316 371 1400 potentissimum,
396 1316 451 1399 qui
474 1337 574 1399 quum
596 1336 732 1400 magnae
755 1317 859 1399 partis
882 1314 998 1378 harum
1023 1317 1146 1401 regio,

98 1421 176 1463 num
198 1407 266 1463 tum
289 1401 386 1464 etiam
408 1400 596 1464 Britanniae
623 1401 797 1484 imperium
823 1401 1014 1465 obtinuerit:
1042 1422 1131 1464 nunc

100 1507 175 1548 esse
196 1507 306 1570 regem
330 1485 483 1550 Galbam:
517 1486 561 1549 ad
593 1485 680 1549 hunc
714 1493 851 1571 propter
867 1486 1029 1571 justitiam
1052 1508 1131 1570 pru·

100 1571 309 1654 dentiumque
331 1593 424 1634 suam
446 1572 547 1634 totius
570 1571 649 1635 belli
672 1592 831 1634 summam
854 1572 995 1635 omnium
1011 1572 1130 1635 volun·

98 1664 166 1720 tate
190 1656 324 1732 deferri3
348 1656 472 1741 oppida
493 1656 616 1720 habere
638 1678 774 1720 numero
797 1678 853 1731 xn,
875 1656 1024 1740 polliceri
1041 1657 1131 1720 milia

98 1750 223 1805 armata
246 1743 493 1828 quinquaginta3
516 1741 654 1805 totidem
666 1743 817 1816 Nervios
841 1742 897 1825 qui
918 1743 1057 1805 maxime
1069 1741 1131 1805 feri

97 1827 182 1891 'mter
202 1827 297 1911 ipsos
320 1826 502 1892 habeantur
525 1826 784 1912 longissimeque
796 1828 919 1903 absint3
943 1827 1131 1912 quindecim

98 1912 186 1974 milia
207 1912 393 1987 Atrebates,
416 1913 632 1976 Ambianosx
649 1913 745 1988 milia,
768 1913 917 1975 Morinos
940 1935 1010 1974 xxv
1032 1913 1131 1988 milia,

99 1997 273 2080 Menapios
296 2018 331 2058 1x
353 1998 455 2072 milia3
480 1997 613 2061 Caletos
637 2021 659 2060 x
681 1999 777 2072 milia,
800 1997 1001 2061 Velocasses
1015 2006 1048 2060 et
1063 1998 1131 2061 Ve-

98 2081 300 2144 romanduos
323 2082 471 2157 totidem,
493 2082 687 2146 Aduatucos
699 2106 782 2146 xxm
798 2083 900 2159 milia3
924 2081 1130 2158 Condrusos,

98 2165 281 2242 Eburones
305 2166 497 2242 Caeroesos
520 2169 714 2244 Paeman0s‚
738 2168 794 2251 qui
815 2190 882 2231 uno
904 2167 1035 2231 nomine
1048 2166 1130 2232 Ger-

98 2253 184 2316 mani
206 2251 424 2336 appellantur,
445 2254 617 2318 ⁴arbitrari
639 2254 683 2318 ad
704 2277 747 2316 xn
770 2253 865 2316 miha.

141 2337 170 2401 5.
215 2338 337 2401 Caesar
359 2338 482 2403 Remos
505 2338 699 2402 cohortatus
723 2339 985 2422 ¹liberaliterque
1008 2338 1130 2402 oratio·

97 2444 139 2486 ne
161 2431 359 2506 prosecutus
383 2447 511 2488 omnem
533 2433 682 2488 senatum
705 2424 749 2488 ad
772 2446 809 2487 se
837 2424 1012 2486 convenire
1064 2424 1129 2485 rin-

98 2508 271 2592 cipumque
293 2509 416 2573 liberos
441 2511 576 2574 obsides
605 2510 649 2573 ad
683 2532 720 2573 se
742 2508 863 2572 adduci
880 2509 990 2594 jussit.
1036 2445 1130 2587 guae

99 2593 207 2655 omnia
240 2595 281 2658 ab
314 2595 367 2658 his
401 2595 596 2682 ²diligenter
625 2595 668 2658 ad
697 2595 784 2659 diem
811 2593 899 2657 facta
922 2602 1006 2656 sunt.
1051 2594 1129 2677 lpse

97 2677 296 2742 Divitiacum
327 2680 503 2744 Haeduum
536 2682 755 2767 ³magnopere
789 2680 983 2744 cohortatus
1014 2678 1128 2753 docet,

99 2772 223 2846 quanto
248 2785 349 2847 opere
370 2767 418 2828 rei
440 2767 592 2850 publicae
615 2766 862 2849 communisque
885 2765 1001 2827 salutis
1030 2764 1129 2826 inter-

99 2849 150 2922 sit,
173 2869 288 2912 manus
310 2851 455 2914 hostium
479 2851 635 2927 distineri,
657 2873 699 2915 ne
722 2871 794 2914 cum
816 2858 906 2913 tanta
922 2848 1130 2912 multitudine

97 2953 164 2996 uno
187 2941 335 3018 tempore
358 2936 600 3022 confligendum
622 2938 674 3000 sit.
718 2936 758 3000 Id
779 2934 850 2998 fieri
871 2955 983 3018 posse,
1006 2934 1035 2996 si
1051 2955 1129 2997 suas

98 3019 212 3102 copias
236 3020 365 3084 Haedui
386 3023 420 3084 in
442 3022 525 3085 fines
548 3022 801 3086 Bellovacorum
821 3019 1085 3083 ⁴introduxerint
1097 3027 1131 3082 et

98 3125 210 3168 commi
244 3126 343 3190 agros
375 3108 529 3256 pqpulari
551 3108 729 3191 coeperint
779 3105 841 3168 His
869 3104 1032 3168 mandatis
1057 3125 1130 3167 eum

97 3189 139 3252 ab
162 3211 199 3252 se
222 3189 363 3256 dimittit.
438 3202 592 3277 ostquam
615 3213 728 3255 omnes
745 3190 922 3276 Belgarum
939 3190 1052 3274 copias
1076 3189 1131 3253 ⁵in

97 3296 196 3338 unum
228 3275 339 3340 locum
371 3286 505 3341 coactas
539 3277 583 3342 ad
606 3299 642 3340 se
664 3277 776 3340 venire
809 3275 893 3338 vidit
924 3296 1031 3359 neque
1059 3275 1131 3360 jam

96 3359 194 3424 lonoe
216 3363 335 3426 abesse
358 3364 399 3426 ab
422 3364 489 3439 his,
521 3384 606 3448 quos
629 3363 776 3436 miserat,
804 3361 1073 3445 exploratoribus
1098 3370 1131 3424 et

97 3447 138 3508 ab
154 3413 271 3510 liemis
296 3450 466 3533 cognovit,
488 3447 609 3512 flumen
630 3448 796 3521 Axonam,
827 3445 918 3529 quod
941 3447 1049 3509 estin
1075 3468 1131 3510 ex·

97 3533 207 3594 tremis
230 3533 408 3597 Remorum
429 3533 563 3609 finibus,
594 3533 772 3596 exercitum
794 3530 967 3595 traducere
989 3539 1131 3593 matura·

97 3615 145 3678 vit
167 3626 264 3700 atque
286 3619 332 3683 ibi
355 3627 464 3683 castra
485 3619 607 3703 posuit.
652 3616 842 3696 “Quaeres
866 3626 899 3679 et
920 3616 1008 3679 latus
1030 3636 1132 3678 unum

99 3707 279 3764 castrorum
302 3706 384 3789 ripis
407 3703 549 3767 fluminis
571 3703 738 3767 muniebat
760 3708 807 3776 et,
836 3708 916 3786 post
944 3723 1017 3764 eum
1046 3722 1132 3787 quae

99 3792 223 3860 essent,
251 3795 323 3852 tuta
352 3791 393 3855 ab
422 3790 576 3853 hostibus
604 3787 769 3852 reddebat
792 3794 839 3861 et,
863 3795 1064 3850 commeatus
1088 3786 1130 3851 ab

97 3865 208 3932 Remis
230 3872 435 3962 reliquisque
457 3875 644 3940 civitatibus
666 3881 704 3936 ut
726 3873 797 3936 sine
818 3871 967 3957 periculo
990 3870 1035 3936 ad
1057 3893 1131 3935 eum
