2468 4312
415 240 476 284 sm.
497 240 540 284 rr.
585 240 654 282 cnr.
676 216 812 286 24-28.
1079 217 1120 283 67

97 376 163 451 bat,
174 395 373 461 magnopere
384 373 675 458 perturbabantur3
697 372 813 438 hostes
825 394 905 436 vcro
916 373 1004 437 notis
1020 374 1122 438 omni·

97 463 161 526 bus
194 460 298 534 vadis
331 461 407 524 ²ubi
441 482 483 523 ex
506 460 602 523 litore
624 459 753 543 aliquos
776 458 958 545 singulares
982 482 1023 523 ex
1045 460 1122 524 nari

98 545 304 632 egredientes
343 553 599 630 conspexerant,
634 545 777 608 ‘incitatis
815 545 908 629 equis
944 545 1120 630 impeditos

97 633 340 706 adoriebantur,
373 631 486 716 plures
520 651 645 715 paucos
679 629 970 706 circumsistebant,
1003 632 1056 695 alii
1079 633 1121 695 ab

96 719 201 783 latere
226 727 341 802 aperto
373 717 407 780 in
440 717 613 780 universos
647 717 713 780 tela
746 715 970 801 conjiciebant.
1021 715 1121 796 Quod

98 826 199 889 quum
221 802 507 867 animadvertisset
530 801 659 874 Caesar,
682 801 845 886 ³seaphas
868 801 1038 888 longarum
1064 825 1121 866 na-

97 888 195 963 vium,
217 890 295 952 item
314 888 538 972 ‚speculatoria
559 889 687 974 navigia
709 887 865 951 militibus
881 888 1037 988 compleri
1047 887 1121 972 jus·

97 975 142 1040 sit
164 984 206 1049 et,
228 997 313 1060 quos
336 974 524 1039 labora-ntes
547 982 775 1058 conspexerat,
798 973 849 1036 his
873 973 1022 1037 subsidia
1044 975 1122 1037 sub·

97 1062 256 1126 mittebat.
301 1060 426 1134 Nostri,
447 1059 565 1122 ‘simul
596 1061 629 1122 in
663 1058 755 1123 arido
789 1059 1016 1135 constiterunt,
1050 1060 1120 1123 suis

98 1148 250 1211 omnibus
273 1146 459 1209 consecutis
481 1146 514 1208 in
535 1145 651 1208 hostes
673 1146 829 1230 impetum
851 1143 1000 1208 fecerunt
1022 1155 1121 1230 atque

98 1255 156 1296 eos
179 1233 211 1295 iu
234 1231 344 1318 fugam
378 1230 548 1306 dederunt,
581 1252 688 1315 neque
722 1230 851 1315 longius
881 1231 1038 1316 prosequi
1062 1252 1121 1316 po·

97 1327 238 1392 tuerunt,
262 1316 375 1402 ⁵quod
397 1317 524 1400 equites
547 1339 678 1380 cursum
705 1325 816 1380 tenere
850 1325 949 1400 atque
980 1317 1122 1380 insulam

97 1425 217 1489 capere
239 1424 305 1466 non
327 1409 514 1487 potuerunt.
558 1401 632 1466 Hoc
654 1424 754 1466 unum
780 1402 824 1466 ad
856 1402 1026 1488 pristinam
1054 1401 1122 1467 for-

97 1500 209 1555 tunam
232 1488 364 1552 Caesari
387 1487 499 1552 defuit

141 1575 191 1639 27.
236 1573 362 1637 Hostes
385 1574 511 1657 proelio
535 1572 689 1658 superati,
712 1575 809 1638 simul
831 1583 979 1658 atquese
992 1596 1033 1638 ex
1044 1572 1123 1660 fuga

97 1668 300 1746 receperunt,
323 1660 433 1722 statim
455 1659 499 1723 ad
521 1657 694 1723 Caesarem
717 1661 845 1746 legatos
869 1659 910 1723 de
933 1661 1122 1744 paeemise·

97 1758 183 1822 runt,
216 1745 373 1809 ²obsides
408 1745 546 1809 daturos
580 1765 730 1828 quaeque
757 1747 951 1831 imperasset
973 1745 1121 1810 facturos

98 1854 174 1896 sese
206 1831 343 1916 polliciti
378 1839 464 1894 sunt
517 1829 591 1895 Una
624 1853 698 1894 eum
730 1831 781 1896 his
814 1832 931 1917 legatis
956 1831 1120 1897 Commius
1217 1876 1220 1883 -

97 1917 239 1983 Atrebas
261 1917 359 1993 venit,
382 1937 480 2001 quem
502 1936 603 2002 supra
615 1916 914 1982 demonstraveram
937 1940 956 1981 a
978 1917 1119 1982 Caesare

98 2004 131 2067 in
153 2003 351 2066 Britanniam
374 2003 597 2087 praemissum.
641 2002 740 2068 Hunc
761 2004 838 2068 illie
852 2005 927 2068 navi
944 2026 1121 2090 egressum,

98 2089 220 2173 ³quum
242 2089 285 2152 sd
308 2110 366 2152 eos
390 2089 531 2152 oratoris
553 2087 654 2152 modo
678 2088 828 2153 Caesaris
851 2090 1005 2154 mandata
1017 2089 1122 2154 defer-

98 2184 157 2249 ret,
186 2173 504 2260 comprehenderant
537 2183 636 2260 atque
669 2173 702 2238 in
735 2176 866 2239 vincula
899 2177 1121 2262 conjecerant:

98 2261 188 2324 ⁵tum
234 2261 338 2324 roelio
361 2259 448 2324 faeto
471 2262 667 2324 remiserunt
689 2269 722 2326 et
743 2262 777 2324 in
799 2261 941 2345 petenda
952 2284 1033 2346 paee
1050 2262 1121 2346 ejus

99 2347 146 2410 rei
168 2283 298 2410 culam
319 2347 353 2410 iu
375 2346 615 2410 multitudinem
648 2347 856 2410 contulerunt
889 2356 929 2418 et,
963 2347 1121 2432 ⁶propter

99 2369 349 2517 imprudientiam
360 2441 398 2495 ut
410 2432 644 2520 ignosceretur,
668 2433 861 2517 petiverunt.
907 2431 1120 2516 Caesarque·

100 2526 182 2590 stus,
204 2517 304 2601 quod,
328 2539 427 2602 quum
450 2518 538 2582 ultro
560 2517 833 2582 incontinentem
859 2518 974 2603 legatis
1008 2518 1120 2582 missis

99 2625 214 2730 pacem
236 2605 277 2667 ab
301 2625 337 2666 se
359 2603 529 2688 petissent,
551 2603 675 2668 bellurn
698 2604 768 2667 sine
796 2625 896 2667 eausa
924 2604 1121 2691 intulissent,

119 2690 290 2776 ignoscere
315 2687 552 2773 imprudentiae
586 2688 669 2752 dixit
703 2688 903 2772 obsidesque
935 2689 1121 2774 imperavit}

100 2795 241 2860 quorum
261 2773 308 2838 illi
331 2781 456 2858 partem
478 2775 587 2837 statim
610 2773 781 2848 dederunt,
804 2775 1121 2861 partemexlongin·

124 2860 271 2925 uioribus
294 2860 377 2923 loeis
399 2859 589 2924 arcessitam
610 2861 725 2945 paucis
749 2860 865 2924 diebus
889 2881 964 2924 sese
983 2860 1120 2924 daturos

100 2882 262 3012 dixerunt
306 2945 454 3010 ⁸lnterea
477 2967 557 3009 suos
569 2947 745 3031 remigrare
766 2947 800 3010 in
822 2967 920 3033 agros
938 2947 1121 3032 jusserunt,

124 3031 331 3116 rineipesque
353 3031 498 3116 undique
520 3033 694 3096 convenire
706 3040 740 3096 et
754 3053 791 3096 se
813 3031 1027 3117 civitatesque
1043 3053 1121 3096 suas

100 3053 234 3183 Caesari
256 3117 483 3181 commendare
505 3125 693 3203 coeperunt

144 3201 195 3268 28.
238 3201 300 3266 His
322 3204 422 3267 rebus
448 3225 537 3352 paee
569 3203 760 3269 confirmata
792 3203 891 3289 ¹post
918 3202 1002 3267 diem
1025 3223 1122 3287 quar-

101 3301 179 3364 tum,
202 3309 300 3372 quam
322 3289 427 3353 estin
478 3289 647 3354 ritanniam
669 3299 810 3362 ventum,
832 3310 933 3353 naves
957 3311 1046 3363 xvm,
1080 3287 1123 3352 de

102 3374 223 3459 quibus
246 3394 347 3459 supra
369 3373 627 3440 demonstratum
650 3389 711 3452 est,
734 3396 818 3461 quae
851 3376 977 3460 equites
1011 3382 1123 3437 sustu-

100 3460 216 3535 lerant,
239 3481 280 3522 ex
303 3461 473 3545 superiore
495 3469 595 3545 portu
618 3462 682 3526 leni
702 3472 803 3526 vento
827 3461 1005 3523 solverunt.
1029 3459 1124 3539 Quae

102 3566 204 3629 quum
226 3547 527 3631 appropinquarent
548 3546 734 3611 Britanniae
757 3554 790 3610 et
815 3567 857 3610 ex
884 3545 1003 3609 castris
1032 3544 1123 3609 vide·

101 3640 224 3708 rentem,
257 3641 348 3695 tanta
379 3639 558 3718 tempestas
591 3634 701 3698 subito
735 3640 849 3696 coorta
871 3639 931 3704 est,
963 3638 1002 3694 ut
1032 3630 1124 3695 nulla

102 3737 214 3781 earum
236 3738 368 3780 emaum
389 3725 499 3782 tenere
521 3727 646 3804 posset,
675 3717 736 3782 sed
762 3718 844 3781 aliae
877 3717 1001 3787 eodem,
1035 3715 1122 3779 unde

102 3813 197 3866 erant
217 3802 394 3886 profectae,
417 3803 623 3875 referrentur,
657 3805 740 3867 aliae
772 3803 815 3867 ad
843 3801 1026 3866 inferiorem
1051 3824 1124 3887 par·

104 3899 169 3954 tem
191 3887 326 3967 insulae,
348 3911 433 3975 quae
455 3901 506 3956 est
528 3890 664 3976 propius
688 3889 769 3955 solis
797 3910 959 3965 oceasum,
986 3889 1123 3974 ²rnaguo
