2468 4312
106 207 148 274 98
456 228 499 271 nr
521 229 624 272 annno
646 229 785 273 ommoo

105 361 213 435 armis,
235 359 384 425 Senones
408 359 452 424 ad
473 361 665 446 imperatum
688 383 756 426 non
777 360 888 426 venire
911 369 944 426 ct
966 384 1040 426 eum
1059 360 1137 428 Car·

104 447 238 510 nutibus
262 446 472 530 finitimisque
494 447 682 512 civitatibus
715 447 855 511 consilia
887 448 1137 526 communicare,

105 530 292 596 aTreviris
327 529 509 596 Germanos
544 533 668 597 crebris
701 532 922 618 legationibus
956 533 1137 612 sollicitari,

104 618 263 682 maturius
287 617 350 681 sibi
373 617 415 680 de
438 618 527 682 bello
551 617 761 703 cogitandum
783 618 921 703 putavit

147 703 176 767 3.
221 703 336 785 Itaque
358 701 506 767 noudum
527 702 633 767 hieme
662 701 812 769 confecta
845 703 1005 788 proximis
1040 713 1136 789 quat·

104 797 181 852 tuor
203 788 327 851 coactis
350 788 535 873 legionibus
559 787 601 853 de
622 789 803 872 improviso
829 789 862 854 in
885 788 966 853 fines
995 790 1136 862 Nervio-

103 895 176 936 rum
199 873 369 943 contendit
391 882 425 937 et
446 875 547 958 prius,
571 874 690 957 ¹quam
710 873 759 938 illi
784 882 842 938 aut
870 876 1045 938 convenire
1079 886 1137 941 aut

103 957 281 1043 profugere
304 966 452 1042 possent
473 980 592 1044 magno
615 959 746 1042 pecoris
769 968 869 1044 atque
890 959 1058 1024 hominum
1076 982 1136 1025 nu-

103 1065 195 1108 mero
218 1053 316 1128 capto
340 1052 440 1128 atque
463 1065 501 1108 ea
523 1044 648 1128 praeda
667 1043 824 1109 militibus
848 1066 1009 1110 concessa
1025 1053 1137 1111 vasta·

104 1129 214 1213 tisque
237 1128 325 1212 agris
348 1129 381 1192 in
404 1128 604 1194 deditionem
626 1129 738 1195 venire
766 1137 866 1212 atque
900 1129 1037 1195 obsides
1072 1132 1135 1198 sibi

105 1213 184 1278 dare
207 1215 323 1299 coegit.
367 1213 419 1278 Eo
443 1215 592 1278 celeriter
614 1213 765 1279 confecto
787 1216 921 1279 nevotio
948 1238 1065 1280 rursus
1088 1217 1135 1282 le-

104 1300 219 1384 giones
241 1299 276 1362 in
296 1298 434 1364 hiberna
455 1299 596 1364 reduxit.
642 1298 789 1364 Concilio
813 1265 939 1364 Calliae
957 1302 1064 1385 primo
1079 1325 1135 1367 ve-

102 1407 148 1460 re,
171 1385 228 1448 ²ut
249 1385 443 1460 instituerat,
465 1384 599 1461 indicto,
623 1405 723 1468 quum
744 1385 862 1470 reliqui
883 1396 1015 1470 praeter
1030 1387 1135 1452 Seno·

103 1492 172 1546 nes,
196 1470 356 1534 Carnutes
379 1468 605 1554 Trevirosque
628 1471 806 1547 venissent,
834 1471 958 1535 initium
986 1473 1065 1536 belli
1095 1495 1135 1537 ac

104 1554 297 1619 deiectionis
320 1555 385 1619 hoo
408 1577 483 1619 esse
506 1556 692 1630 arbitratus
721 1555 778 1619 ⁸ut
800 1557 908 1620 omnia
928 1566 1134 1642 postponere

102 1640 284 1717 videretur,
322 1641 494 1704 concilium
530 1641 694 1705 Lutetiam
729 1640 931 1705 Parisiorum
966 1642 1134 1708 transfert.

104 1725 258 1790 Confines
282 1735 375 1790 erant
396 1725 431 1790 hi
453 1727 640 1790 Senonibus
663 1725 893 1810 civitatemque
914 1736 1045 1811 patrum
1069 1751 1136 1795 me·

102 1814 207 1876 moria
228 1812 480 1895 conjunxerant3
504 1811 566 1875 sed
588 1814 630 1878 ab
651 1811 718 1876 hoc
739 1813 878 1876 consilio
908 1811 1033 1876 afuisse
1066 1815 1135 1878 exi·

103 1898 327 1961 stimabantur.
372 1897 465 1960 '‘Hac
486 1919 522 1960 re
544 1919 606 1982 pro
636 1904 795 1982 suggestu
828 1899 1045 1982 pronunciata
1078 1922 1134 1964 eo·

103 1981 179 2046 dem
201 1982 254 2046 die
277 2003 349 2046 enm
372 1982 558 2067 legionibus
580 1983 615 2046 in
636 1981 785 2046 Senones
818 1981 1041 2067 proficiscitur
1065 2007 1134 2049 ma·

102 2069 243 2152 gnisque
264 2069 434 2132 itineribus
458 2089 497 2132 eo
520 2068 679 2151 pervenit.

145 2153 174 2216 4.
221 2152 360 2238 Cognito
384 2152 455 2237 ejus
479 2152 626 2217 adventu
646 2154 747 2228 Acco,
781 2152 837 2237 qui
870 2153 1025 2238 princeps
1059 2153 1132 2252 ejus

103 2239 231 2300 consilii
252 2235 367 2313 fuerat
386 2238 483 2322 jubet
493 2238 528 2301 in
538 2236 663 2323 oppida
684 2237 924 2303 multitudinem
947 2260 1132 2305 convenire.

102 2321 333 2398 ¹Conantibus‚
357 2324 448 2407 prius
471 2343 569 2405 quam
591 2322 627 2386 id
649 2321 736 2386 effici
756 2331 883 2408 posset,
910 2322 1032 2388 adesse
1064 2325 1133 2391 Ro·

101 2429 216 2471 manos
240 2409 420 2471 nunciatur.
465 2408 663 2472 Necessario
687 2409 849 2472 sententia
867 2407 1033 2473 desistunt
1043 2411 1134 2496 lega·

101 2500 222 2576 tosque
245 2491 446 2577 deprecandi
468 2513 569 2556 causa
592 2491 637 2557 ad
659 2491 831 2569 Caesarem
842 2495 984 2558 mittunt.
1029 2495 1133 2561 ²Ade·

99 2590 161 2641 unt
182 2599 241 2662 per
263 2577 433 2654 Haeduos,
456 2599 597 2661 quorum
619 2578 799 2661 antiquitus
823 2587 894 2642 erat
914 2580 949 2643 in
970 2579 1036 2644 fide
1054 2582 1133 2661 (wi-

99 2672 161 2726 tas.
206 2663 361 2730 Libenter
390 2662 512 2728 Caesar
540 2663 727 2746 petentibus
750 2662 899 2729 Haeduis
924 2663 982 2728 dat
1003 2667 1132 2731 veniam

101 2749 412 2831 excusationemque
445 2747 578 2831 accipit,
612 2747 705 2831 quod
732 2749 894 2813 aestivum
922 2764 1054 2835 tempus
1084 2752 1131 2816 in-

101 2835 218 2897 stantis
241 2834 328 2909 belli,
357 2855 424 2897 non
452 2833 654 2915 quaestionis
684 2854 760 2896 esse
782 2834 967 2899 arbitratur.
1012 2837 1132 2902 ³0bsi-

101 2919 198 2982 dibus
221 2919 389 3002 imperatis
413 2927 542 2983 centum
563 2918 628 2982 hos
651 2917 800 2985 Haeduis
812 2919 1053 2987 custodiendos
1066 2930 1131 2986 tra·

100 3003 157 3067 dit.
201 3002 330 3067 Eodem
352 3002 512 3067 Carnutes
534 3002 664 3089 legatos
687 3003 889 3087 obsidesque
910 3006 1052 3083 mittunt
1078 3007 1132 3070 usi

100 3089 372 3172 deprecatoribus
395 3087 515 3164 Remis,
537 3109 678 3171 quorum
701 3097 795 3154 erant
820 3090 855 3152 in
877 3089 1043 3168 clientela3
1077 3113 1130 3156 ea-

100 3175 174 3238 dem
196 3172 307 3237 ferunt
328 3193 499 3257 responsa
543 3173 677 3259 Peragit
698 3174 872 3238 concilium
895 3173 1016 3239 Caesar
1039 3177 1130 3261 equi·

99 3269 216 3343 tesque
239 3260 376 3343 imperat
398 3257 594 3322 civitatibus.

142 3346 170 3408 5.
216 3344 308 3408 ¹Hac
340 3351 435 3428 parte
458 3341 595 3421 *Galliae
627 3349 745 3427 pacata
777 3351 868 3408 totus
903 3352 936 3408 et
965 3353 1078 3414 mente.
1096 3356 1130 3412 et

99 3431 206 3493 animo
239 3431 273 3492 in
306 3429 428 3492 bellum
461 3426 674 3493 Trevirorum
703 3436 737 3492 et
764 3429 967 3516 Ambiorigis.
995 3432 1128 3496 insistit.

99 3514 294 3579 Cavarinum
327 3535 400 3576 curn
435 3513 583 3596 equitatu
615 3511 783 3581 Senonum
818 3536 931 3578 secum
962 3517 1129 3601 proticisci

93 3600 198 3685 jubet,
220 3622 261 3663 ne
284 3599 358 3682 quis
370 3606 427 3662 aut
439 3619 481 3660 ex
502 3597 603 3681 hujus
624 3597 795 3663 iracundia
816 3607 874 3664 aut
895 3622 938 3664 ex
960 3621 1008 3676 eo,
1021 3601 1130 3685 ²quod

97 3692 274 3760 meruerat,
309 3683 386 3746 odio
421 3683 561 3746 civitatis
594 3689 704 3746 motus
733 3683 881 3748 exsistat
935 3684 997 3749 His
1025 3688 1129 3751 rebus

99 3769 297 3843 constitutis,
319 3767 433 3851 ³qu0d
454 3789 515 3851 pro
540 3767 713 3850 explorato
730 3767 882 3845 habebat,
904 3770 1128 3856 Ambiorigem

97 3855 225 3942 proelio
249 3876 315 3918 non
338 3875 413 3917 esse
437 3861 709 3928 concertaturum,
730 3853 858 3937 reliqua
883 3854 955 3940 ejus
989 3857 1129 3921 consilia
