2468 4312
431 244 493 288 us.
515 245 559 287 111.
605 246 674 289 cnr.
696 225 812 290 8-11.
1072 227 1115 292 47

80 377 189 441 omnia
200 383 316 440 contra
328 375 515 459 opinionem
530 376 725 453 acciderent,
747 386 856 441 tamen
879 399 916 441 se
938 377 1113 461 plurimum

80 463 220 526 navibus
242 484 355 546 posse,
378 461 546 525 Romanos
574 482 682 544 neque
709 463 810 525 ullam
837 462 1026 526 facultatem
1054 465 1113 528 ha·

79 548 159 612 bere
181 548 314 610 navium
335 567 443 628 neque
466 568 578 610 eorum
593 546 752 622 locorum,
774 548 832 612 ubi
853 549 975 611 bellum
988 551 1114 633 gesturi

80 639 202 706 essent,
226 631 321 706 vada,
343 640 471 715 portus,
493 631 619 694 insulas
642 633 793 707 novisse3
823 654 862 696 ac
890 633 989 718 longe
1017 635 1114 699 aliam

80 739 156 780 esse
179 717 421 801 navigationem
443 717 476 778 in
499 717 659 779 concluso
682 719 764 780 mari
786 725 885 801 atque
908 719 940 780 in
963 720 1114 783 vastissi-

79 823 134 865 mo
157 811 257 884 atque
280 801 488 885 apertissimo
502 799 635 864 Oceano
659 803 912 886 perspiciebant.
957 803 1038 866 ⁷His
1054 805 1113 868 ini·

79 887 124 949 tis
147 886 294 949 consiliis
319 885 444 971 oppida
465 887 622 960 muniunt,
645 884 808 949 frumenta
821 909 861 950 ex
873 889 960 972 agris
973 889 1005 951 in
1018 891 1112 975 oppi-

80 971 124 1035 da
147 979 364 1055 comportant,
387 992 499 1037 naves,
513 971 546 1034 iu
568 970 750 1044 Venetiam,
772 973 829 1035 ubi
852 971 1024 1036 Caesarem
1046 975 1112 1057 pri-

78 1078 169 1120 mum
191 1077 266 1119 esse
288 1055 413 1121 bellum
434 1063 605 1139 gesturum
628 1056 811 1130 constabat,
834 1078 932 1140 qnam
977 1058 1111 1123 lurimas

78 1152 232 1290 possunt,
256 1150 386 1224 cogunt.
431 1140 550 1204 Socios
574 1139 637 1203 sibi
665 1138 707 1202 ad
736 1139 770 1202 id
799 1142 923 1205 bellum
950 1080 1111 1219 Bsismos

110 1225 257 1301 exovios
279 1226 467 1300 Namnetes,
489 1225 695 1299 Ambiliatos
717 1225 878 1301 Morinos,
900 1227 1116 1304 Diablintres.

78 1310 254 1394 Menapios
278 1308 484 1372 adsciscunt:
508 1309 629 1373 auxilia
651 1331 693 1371 ex
714 1309 891 1387 Britannia,
920 1333 1005 1395 quae
1032 1334 1111 1376 con·

80 1403 132 1460 tra
155 1415 211 1457 eas
233 1394 385 1479 regiones
409 1394 520 1477 posita
542 1403 601 1469 est,
625 1405 806 1457 arcessunt.

127 1481 174 1545 10.
221 1478 344 1542 ¹Eraut
365 1477 428 1542 hae
452 1477 663 1542 difficultates
687 1478 765 1543 belli
787 1478 932 1563 gerendi,
955 1500 1038 1562 quas
1056 1504 1111 1544 su·

79 1585 142 1649 pra
164 1563 377 1638 ostendimus
401 1563 462 1627 sed
484 1564 587 1627 multa
610 1562 784 1627 Caesarem
796 1574 905 1627 tamen
927 1565 970 1627 ad
991 1565 1024 1628 id
1041 1567 1110 1631 bel-

80 1649 148 1712 lum
169 1649 363 1713 incitabant:
385 1648 523 1733 injuriae
545 1656 747 1711 retentorum
774 1648 919 1731 equitum
946 1649 1110 1713 Romano-

78 1756 160 1810 rum,
183 1733 319 1798 rebellio
341 1731 428 1796 facta
450 1742 532 1817 post
554 1733 763 1808 deditionem,
788 1733 929 1796 defectio
942 1733 1028 1796 datis
1052 1736 1111 1798 ob-

79 1819 218 1894 sidibus,
240 1826 292 1882 tot
313 1819 480 1882 civitatum
503 1818 696 1903 conjuratio,
718 1817 886 1901 inprimis
909 1818 1111 1902 uehacpar-

78 1913 113 1968 te
134 1903 284 1989 neglecta
305 1904 451 1988 reliquae
473 1904 623 1966 nationes
647 1903 710 1965 sibi
731 1902 819 1966 idem
847 1902 945 1965 licere
974 1904 1110 1967 arbitra·

78 1998 200 2053 rentur.
244 1989 359 2072 ltaque
383 2009 483 2070 quum
508 1988 714 2072 intelligeret,
748 2009 862 2051 omnes
894 1987 964 2050 fere
993 1987 1109 2052 Gallos

78 2074 175 2137 novis
197 2074 297 2136 rebus
320 2072 456 2136 studere
479 2080 512 2136 et
534 2071 578 2135 ad
599 2072 722 2136 bellum
750 2073 914 2136 mobiliter
946 2072 1110 2137 celeriter-

79 2179 144 2242 que
167 2158 309 2232 excitari,
332 2158 465 2221 ²omnes
490 2166 598 2220 autern
630 2156 780 2220 homines
813 2165 931 2221 natura
966 2158 1110 2222 libertati

79 2243 215 2306 studere
238 2251 271 2305 et
304 2241 526 2306 conditionem
559 2243 727 2305 servitutis
762 2240 884 2316 odisse,
917 2244 1110 2326 priusquam

102 2327 192 2391 lures
216 2328 364 2390 civitates
387 2328 624 2411 conspirarent,
645 2325 852 2410 partiendum
876 2328 939 2391 sibi
961 2328 1108 2392 aelatius

88 2411 342 2477 v'stribuendum
366 2413 543 2475 exercitum
565 2411 702 2495 putavit.

125 2498 173 2562 ll.
216 2497 332 2580 Itaque
354 2496 466 2560 Titum
498 2495 679 2559 Labienum
712 2495 855 2581 legatum
882 2496 915 2558 in
941 2495 1109 2574 Treviros,

79 2582 135 2664 qui
157 2582 299 2665 proximi
321 2579 444 2644 flumini
465 2580 583 2645 Rheno
608 2589 693 2655 sunt,
723 2602 797 2643 cum
825 2582 973 2664 equitatu
1001 2583 1108 2646 mittit.

76 2665 165 2729 Huic
186 2665 328 2741 mandat,
351 2665 474 2729 Remos
497 2666 711 2748 reliquosque
733 2665 854 2750 Belgas
884 2665 982 2728 adeat
1009 2674 1109 2750 atque

77 2751 110 2814 in
134 2749 243 2813 oflicio
267 2750 433 2814 contineat
456 2749 713 2832 Germanosque,
737 2751 792 2833 qui
810 2751 931 2813 auxilio
956 2772 975 2813 a
996 2750 1108 2836 Belgis

75 2836 225 2898 arcessiti
248 2834 449 2909 dicebantur,
473 2835 583 2919 siper
606 2835 671 2896 vim
692 2835 832 2898 navibus
859 2833 979 2898 flumen
1002 2845 1108 2898 trans·

75 2920 123 2983 ire
156 2928 325 2994 conentur,
358 2919 542 3003 prohibeat.
586 2918 622 2983 P.
647 2917 803 2982 Crassum
825 2941 898 2982 curn
914 2919 1108 2986 cohortibus

75 3003 264 3088 legionariis
288 3003 463 3068 duodecim
489 3012 523 3067 et
554 3024 682 3088 magnov
706 3025 841 3066 numero
876 3005 1041 3087 equitatus
1074 3006 1109 3069 in

75 3089 285 3172 Aquitaniam
307 3088 474 3172 proficisci
490 3089 596 3173 jubet,
619 3087 681 3150 ¹ne
704 3110 746 3150 ex
767 3088 819 3150 his
842 3089 1029 3153 nationibus
1051 3111 1108 3153 au·

74 3173 155 3236 xilla
176 3174 209 3236 in
232 3172 372 3236 Galliam
394 3174 564 3237 mittantur
586 3193 625 3235 ae
646 3180 757 3235 tantae
785 3173 936 3235 nationes
971 3174 1108 3257 conjun-

74 3267 203 3343 gantur.
249 3256 406 3336 Quintum
428 3257 591 3322 Titurium
614 3256 770 3322 Sabinum
792 3258 937 3341 legatum
965 3279 1039 3320 oum
1062 3259 1108 3321 le·

73 3343 228 3428 gionibns
251 3343 357 3406 tribus
379 3343 413 3406 in
434 3341 583 3419 Unellos,
612 3341 850 3407 ²Curiosolites
872 3341 1107 3426 Lexoviosque

73 3428 181 3502 mittit,
205 3427 261 3510 qui
284 3448 355 3489 earn
376 3449 507 3491 manum
526 3427 747 3491 distinendam
769 3432 870 3490 curet.
915 3425 1108 3491 ⁴Decimum

74 3511 212 3575 Brutum
235 3511 481 3575 adolescentem
504 3512 604 3574 classi
628 3510 829 3593 Gallicisque
851 3510 999 3584 navibus,
1023 3531 1106 3593 quas

75 3618 118 3660 ex
139 3596 332 3660 Pictonibus
356 3604 389 3659 et
411 3596 567 3660 Santonis
589 3594 792 3677 reliquisque
813 3595 940 3676 pacatis
966 3597 1106 3679 regioni·

73 3683 138 3746 bus
161 3681 336 3745 convenire
353 3680 511 3766 jusserat,
533 3678 738 3764 praeficitet,
762 3678 1011 3761 quamprimum
1026 3701 1106 3763 pos·

74 3766 191 3842 setin
214 3764 361 3830 Venetos
384 3766 550 3850 proficisci
566 3764 672 3851 jubet.
722 3762 799 3847 Ipse
828 3782 868 3826 eo
893 3761 1106 3846 pedestribus

74 3851 179 3936 copiis
202 3848 380 3915 contendit.
