2468 4312
443 241 505 285 ma.
528 243 571 286 vr.
595 243 664 285 cnr.
677 220 770 287 2-7.
1093 223 1135 287 99

100 374 210 439 animo
233 373 525 460 circumspiciebat
571 373 675 439 Erant
696 375 839 460 Menapii
855 375 1033 460 propinqui
1047 376 1135 441 Ebu·

98 481 218 525 ronum
241 460 371 536 finibus,
400 482 460 545 per
485 461 569 524 etuis
604 461 783 545 paludibus
817 461 978 545 silvisque
1012 463 1135 538 muniti,

100 546 159 630 qui
180 546 237 609 mii
260 568 303 610 ex
325 544 433 610 Gallia
455 483 497 609 de
519 567 602 631 pace
624 545 668 610 ad
691 546 866 610 Caesarem
889 546 1018 633 legatos
1054 569 1136 610 nun·

101 652 201 715 quam
223 633 386 696 miserant
443 631 525 696 Cum
547 631 599 695 his
634 653 709 695 esse
741 632 922 716 hospitium
954 633 1137 718 Ambiorigi

100 717 243 793 sciebat3
264 718 342 781 item
364 739 425 802 per
447 716 605 781 Treviros
628 719 760 781 venisse
776 716 948 781 Germanis
971 719 1004 781 in
1027 719 1136 782 amici·

100 803 180 866 tiam
202 811 414 888 cognoverat
459 803 552 866 Haec
573 804 665 887 prius
693 804 742 867 ilfi
775 803 981 867 detrahenda
1014 805 1136 868 auxilia

100 888 319 964 existimabat,
343 909 440 973 quam
462 888 571 972 ipsum
584 888 671 953 bello
684 889 872 964 lacesseret,
895 910 936 952 ne
959 889 1020 953 des
1045 898 1138 953 erata

101 973 210 1037 salute
232 981 290 1039 aut
312 995 349 1037 se
371 975 404 1037 in
433 973 606 1057 Menapios
640 973 780 1038 abderet
811 982 869 1038 aut
901 996 975 1039 cum
1009 912 1133 1038 lPrans-

100 1058 256 1122 rhenanis
279 1059 436 1144 congredi
460 1067 643 1144 cogeretur.
694 1059 769 1123 Hoc
796 1059 878 1122 inito
911 1060 1050 1124 consilio
1084 1069 1135 1124 to-

100 1145 168 1207 tius
192 1146 356 1208 exercitus
378 1143 612 1229 impedimenta
634 1144 677 1208 ad
699 1145 878 1208 Labienum
906 1145 940 1207 in
974 1144 1133 1209 Treviros

100 1231 200 1293 mittit
222 1229 375 1314 duasque
397 1230 544 1315 legiones
568 1229 611 1293 ad
634 1251 709 1292 eum
730 1230 896 1314 proficisci
913 1230 1024 1316 jubet3
1061 1232 1133 1315 ipse

100 1336 176 1378 cum
199 1315 383 1401 legionibus
418 1315 582 1399 expeditis
617 1316 762 1399 quinque
794 1316 829 1380 in
860 1316 1034 1403 Menapios
1056 1337 1135 1400 pro·

100 1400 267 1464 ficiscitur.
312 1401 364 1464 Illi
385 1400 477 1464 nulla
499 1408 615 1464 coacta
636 1421 734 1464 manu
756 1401 822 1465 loci
857 1401 1026 1485 praesidio
1058 1400 1135 1465 freti

99 1487 133 1636 ifn
157 1486 260 1549 silvas
282 1485 490 1570 paludesque
524 1485 717 1572 confugiunt
750 1508 876 1572 suaque
910 1486 1028 1550 eodem
1056 1508 1134 1550 con-

114 1579 219 1636 crunt.

144 1656 173 1720 6.
218 1655 361 1720 ¹Caeaar
394 1656 523 1740 partitis
558 1655 663 1740 copiis
687 1678 760 1721 cum
783 1655 819 1722 C.
841 1655 944 1720 Fabio
967 1656 1077 1742 legato
1102 1666 1134 1721 et

100 1741 145 1808 M.
170 1741 293 1806 Crasso
316 1749 494 1826 quaestore
517 1741 732 1826 celeriterque
754 1741 878 1806 effectis
890 1743 1048 1826 pontibus
1064 1742 1135 1806 adit

100 1827 275 1911 tripartito,
298 1827 448 1890 aedificia
472 1827 632 1911 vicosque
664 1827 817 1903 incendit,
850 1849 968 1913 magno
1002 1829 1133 1914 pecoris

100 1921 202 1995 atque
223 1912 392 1976 hominum
414 1933 549 1976 numero
571 1913 706 1996 potitur.
751 1911 880 1993 Quibus
903 1914 1003 1978 rebus
1027 1914 1134 1978 coacti

99 1997 245 2081 Menapii
267 1997 398 2096 legatos
420 1997 465 2061 ad
486 2018 560 2061 eum
583 1998 675 2082 pacis
697 1999 861 2082 petendae
877 2020 977 2063 causa
992 2000 1132 2063 mittunt.

100 2083 182 2146 ²Ille
205 2082 379 2147 obsidibus
402 2083 547 2167 acceptis
570 2082 716 2146 hostium
739 2105 776 2148 se
798 2083 986 2148 habiturum
996 2105 1133 2148 numero

100 2167 281 2244 confirmat
304 2168 333 2230 si
355 2176 413 2231 aut
434 2168 656 2254 Ambiorigem
679 2176 736 2232 aut
759 2169 830 2254 ejus
854 2170 983 2255 legatos
1012 2169 1133 2234 finibus

100 2254 171 2318 suis
195 2254 407 2337 recepissent.
463 2253 546 2316 ³His
581 2254 781 2317 confirmatis
814 2255 915 2318 rebus
953 2254 1134 2317 Commium

100 2340 292 2404 Atrebatem
315 2360 389 2403 cum
412 2339 560 2422 equitatu
583 2338 733 2402 custodis
756 2339 831 2402 loco
854 2339 887 2403 in
908 2338 1070 2426 Menapiis
1083 2361 1133 2403 re·

99 2424 227 2508 linquit,
249 2424 378 2508 ipsein
400 2422 558 2487 Treviros
581 2423 810 2509 proficiscitur.

144 2511 173 2573 7.
217 2509 305 2573 Dum
327 2509 410 2572 haec
432 2530 451 2572 a
474 2508 615 2573 Caesare
643 2522 810 2594 geruntur,
843 2507 973 2572 Treviri
1005 2509 1132 2595 magnis

100 2595 226 2659 coactis
249 2594 418 2679 peditatus
441 2595 674 2678 equitatusque
707 2595 812 2679 copiis
845 2593 1025 2659 Labienum
1058 2615 1132 2658 cum

99 2701 167 2744 una
188 2679 327 2766 legione,
350 2680 489 2764 quaein
513 2700 626 2743 eorum
637 2679 758 2743 finibus
776 2680 987 2755 hiemaverat,
1010 2679 1133 2744 adoriri

99 2766 272 2890 parabant,
289 2766 426 2852 jamque
448 2765 489 2828 ab
513 2784 552 2829 eo
576 2786 643 2828 non
664 2764 796 2850 longius
818 2765 910 2829 bidui
921 2766 975 2829 via
987 2767 1133 2842 aberant,

122 2872 224 2935 quum
246 2849 331 2914 duas
353 2850 486 2914 venisse
518 2850 665 2936 legiones
700 2851 803 2914 missu
836 2849 987 2915 Caesaris
1011 2872 1133 2936 cogno-

102 2943 207 3000 scunt
252 2935 377 2999 Positis
400 2935 518 2999 castris
547 2957 568 2999 a
595 2935 726 2998 milibus
761 2956 990 3020 passuumxv
1012 2936 1134 3001 auxilia

96 3019 341 3085 Germanorum
364 3031 558 3106 exspectare
569 3021 783 3085 constituunt
809 3019 974 3085 Labienus
987 3021 1134 3085 hosfium

101 3107 235 3191 cognito
258 3106 397 3171 consilio
419 3126 568 3190 sperans,
589 3107 771 3170 temeritate
783 3126 897 3169 eorum
908 3105 980 3170 fore
992 3108 1134 3191 aliquam

102 3190 278 3257 dimicandi
299 3190 497 3266 facultatem,
520 3190 687 3276 praesidio
711 3192 857 3275 quinque
879 3191 1064 3256 cohortium
1075 3193 1134 3255 im·

101 3275 298 3362 pedimentis
320 3275 437 3341 relicto
460 3298 534 3341 cum
555 3298 626 3339 xxv
637 3275 831 3340 cohortibus
843 3296 1027 3362 magnoque
1043 3276 1134 3361 equi·

102 3369 175 3425 tatu
196 3372 312 3425 contra
334 3361 464 3425 hostem
486 3361 709 3447 proficiscitur
731 3369 765 3425 ct
786 3361 874 3424 mille
899 3382 1059 3446 passuum
1086 3363 1134 3426 in-

102 3448 257 3510 termisso
291 3447 400 3531 spatio
433 3455 544 3511 castra
576 3447 762 3510 communit.
806 3445 888 3509 Erat
909 3446 994 3510 inter
1018 3447 1133 3511 Labie·

102 3553 181 3600 num
203 3540 304 3616 atque
336 3531 468 3595 hostem
501 3530 625 3594 difficili
659 3531 800 3594 mansitu
833 3529 953 3594 fiumen
985 3532 1134 3616 ripisque

102 3617 306 3765 praeruptis:
329 3616 395 3680 boc
415 3637 524 3701 neque
544 3617 618 3700 ipse
640 3616 779 3680 transire
804 3614 950 3679 habebat
969 3616 1004 3679 in
1026 3618 1134 3681 animo

102 3723 211 3785 neque
246 3710 338 3766 ostes
350 3702 550 3765 transituros
573 3700 789 3765 existimabat
834 3700 1028 3786 Augebatur
1043 3705 1134 3766 auxi-

103 3785 223 3850 liorum
257 3785 405 3871 quotidie
438 3808 537 3871 spes.
585 3785 749 3870 Loquitur
780 3785 814 3847 in
848 3785 987 3850 consilio
1016 3789 1134 3874 palam,

103 3874 251 3959 quonum
284 3871 436 3938 Gemncni
468 3873 724 3959 appropinquare
758 3870 909 3954 dicantar,
947 3873 1028 3938 'rere
1062 3898 1136 3941 ruas
