<?xml version="1.0" encoding="UTF-8"?>
<!DOCTYPE html PUBLIC "-//W3C//DTD XHTML 1.0 Transitional//EN"
    "http://www.w3.org/TR/xhtml1/DTD/xhtml1-transitional.dtd">
<html xmlns="http://www.w3.org/1999/xhtml" xml:lang="en" lang="en">
 <head>
  <title>
</title>
<meta http-equiv="Content-Type" content="text/html;charset=utf-8" />
  <meta name='ocr-system' content='tesseract 3.04.00' />
  <meta name='ocr-capabilities' content='ocr_page ocr_carea ocr_par ocr_line ocrx_word'/>
</head>
<body>
  <div class='ocr_page' id='page_1' title='image "./cjuliicaesarisc00friggoog_0066.png"; bbox 0 0 2468 4312; ppageno 0'>
   <div class='ocr_carea' id='block_1_1' title="bbox 423 225 1134 293">
    <p class='ocr_par' dir='ltr' id='par_1_1' title="bbox 423 225 1134 293">
     <span class='ocr_line' id='line_1_1' title="bbox 423 225 1134 293; baseline 0.004 -3"><span class='ocrx_word' id='word_1_1' title='bbox 423 247 485 291; x_wconf 76' lang='lat' dir='ltr'>rm.</span> <span class='ocrx_word' id='word_1_2' title='bbox 505 248 549 291; x_wconf 83' lang='lat' dir='ltr'>ru</span> <span class='ocrx_word' id='word_1_3' title='bbox 594 247 664 292; x_wconf 74' lang='lat' dir='ltr'>cnr.</span> <span class='ocrx_word' id='word_1_4' title='bbox 689 225 824 292; x_wconf 87' lang='lat'>12-15.</span> <span class='ocrx_word' id='word_1_5' title='bbox 1092 226 1134 293; x_wconf 80' lang='lat'>49</span> 
     </span>
    </p>
   </div>
   <div class='ocr_carea' id='block_1_2' title="bbox 99 376 1135 2159">
    <p class='ocr_par' dir='ltr' id='par_1_2' title="bbox 102 376 1134 528">
     <span class='ocr_line' id='line_1_2' title="bbox 103 376 1134 477; baseline 0.003 -34"><span class='ocrx_word' id='word_1_6' title='bbox 103 376 151 445; x_wconf 88' lang='lat' dir='ltr'>hil</span> <span class='ocrx_word' id='word_1_7' title='bbox 172 399 253 442; x_wconf 86' lang='lat' dir='ltr'>saxa</span> <span class='ocrx_word' id='word_1_8' title='bbox 275 387 310 443; x_wconf 89' lang='lat' dir='ltr'>et</span> <span class='ocrx_word' id='word_1_9' title='bbox 331 388 445 443; x_wconf 88' lang='lat' dir='ltr'>cantes</span> <span class='ocrx_word' id='word_1_10' title='bbox 480 380 645 456; x_wconf 70' lang='lat' dir='ltr'>timerent,</span> <span class='ocrx_word' id='word_1_11' title='bbox 679 400 816 477; x_wconf 80' lang='lat' dir='ltr'>quarum</span> <span class='ocrx_word' id='word_1_12' title='bbox 848 400 957 445; x_wconf 87' lang='lat' dir='ltr'>rernm</span> <span class='ocrx_word' id='word_1_13' title='bbox 991 381 1134 446; x_wconf 89' lang='lat' dir='ltr'>omnium</span> 
     </span>
     <span class='ocr_line' id='line_1_3' title="bbox 102 463 901 528; baseline -0.001 -1"><span class='ocrx_word' id='word_1_14' title='bbox 102 465 226 527; x_wconf 85' lang='lat' dir='ltr'>nostris</span> <span class='ocrx_word' id='word_1_15' title='bbox 249 465 388 528; x_wconf 87' lang='lat' dir='ltr'>navibus</span> <span class='ocrx_word' id='word_1_16' title='bbox 410 486 510 527; x_wconf 88' lang='lat' dir='ltr'>casus</span> <span class='ocrx_word' id='word_1_17' title='bbox 532 473 605 527; x_wconf 86' lang='lat' dir='ltr'>erat</span> <span class='ocrx_word' id='word_1_18' title='bbox 626 463 901 528; x_wconf 84' lang='lat' dir='ltr'>extimescendus.</span> 
     </span>
    </p>

    <p class='ocr_par' dir='ltr' id='par_1_3' title="bbox 100 548 1135 1480">
     <span class='ocr_line' id='line_1_4' title="bbox 149 548 1134 633; baseline 0.004 -20"><span class='ocrx_word' id='word_1_19' title='bbox 149 549 196 613; x_wconf 88' lang='grc'>14.</span> <span class='ocrx_word' id='word_1_20' title='bbox 242 548 496 632; x_wconf 88' lang='lat' dir='ltr'>¹Compluribus</span> <span class='ocrx_word' id='word_1_21' title='bbox 531 549 726 632; x_wconf 84' lang='lat' dir='ltr'>expugnatis</span> <span class='ocrx_word' id='word_1_22' title='bbox 750 548 884 633; x_wconf 77' lang='lat' dir='ltr'>oppidis</span> <span class='ocrx_word' id='word_1_23' title='bbox 913 548 1043 626; x_wconf 85' lang='lat' dir='ltr'>Caesar,</span> <span class='ocrx_word' id='word_1_24' title='bbox 1077 554 1134 619; x_wconf 88' lang='lat' dir='ltr'>ubi</span> 
     </span>
     <span class='ocr_line' id='line_1_5' title="bbox 102 633 1135 718; baseline 0.006 -22"><span class='ocrx_word' id='word_1_25' title='bbox 102 633 273 707; x_wconf 80' lang='lat' dir='ltr'>intellexit,</span> <span class='ocrx_word' id='word_1_26' title='bbox 295 633 419 697; x_wconf 78' lang='lat' dir='ltr'>frustra</span> <span class='ocrx_word' id='word_1_27' title='bbox 442 642 568 697; x_wconf 85' lang='lat' dir='ltr'>tantum</span> <span class='ocrx_word' id='word_1_28' title='bbox 591 634 738 697; x_wconf 84' lang='lat' dir='ltr'>laborem</span> <span class='ocrx_word' id='word_1_29' title='bbox 761 635 845 697; x_wconf 91' lang='lat' dir='ltr'>sumi</span> <span class='ocrx_word' id='word_1_30' title='bbox 867 656 974 718; x_wconf 91' lang='lat' dir='ltr'>neque</span> <span class='ocrx_word' id='word_1_31' title='bbox 987 635 1135 701; x_wconf 87' lang='lat' dir='ltr'>hostium</span> 
     </span>
     <span class='ocr_line' id='line_1_6' title="bbox 101 716 1132 805; baseline 0.006 -24"><span class='ocrx_word' id='word_1_32' title='bbox 101 716 213 802; x_wconf 82' lang='lat' dir='ltr'>fugam</span> <span class='ocrx_word' id='word_1_33' title='bbox 236 719 340 802; x_wconf 86' lang='lat' dir='ltr'>captis</span> <span class='ocrx_word' id='word_1_34' title='bbox 364 717 498 802; x_wconf 80' lang='lat' dir='ltr'>oppidis</span> <span class='ocrx_word' id='word_1_35' title='bbox 521 719 654 802; x_wconf 85' lang='lat' dir='ltr'>reprimi</span> <span class='ocrx_word' id='word_1_36' title='bbox 681 740 788 800; x_wconf 87' lang='lat' dir='ltr'>neque</span> <span class='ocrx_word' id='word_1_37' title='bbox 815 718 855 781; x_wconf 89' lang='lat' dir='ltr'>iis</span> <span class='ocrx_word' id='word_1_38' title='bbox 883 721 997 784; x_wconf 88' lang='lat' dir='ltr'>noceri</span> <span class='ocrx_word' id='word_1_39' title='bbox 1022 742 1132 805; x_wconf 89' lang='lat' dir='ltr'>posse,</span> 
     </span>
     <span class='ocr_line' id='line_1_7' title="bbox 103 801 1133 887; baseline 0.005 -21"><span class='ocrx_word' id='word_1_40' title='bbox 103 802 220 866; x_wconf 83' lang='lat' dir='ltr'>statuit</span> <span class='ocrx_word' id='word_1_41' title='bbox 242 803 499 887; x_wconf 79' lang='lat' dir='ltr'>exspectandam</span> <span class='ocrx_word' id='word_1_42' title='bbox 527 803 677 865; x_wconf 77' lang='lat' dir='ltr'>classem</span> <span class='ocrx_word' id='word_1_43' title='bbox 723 801 817 881; x_wconf 82' lang='lat' dir='ltr'>Quae</span> <span class='ocrx_word' id='word_1_44' title='bbox 838 804 896 867; x_wconf 90' lang='lat' dir='ltr'>ubi</span> <span class='ocrx_word' id='word_1_45' title='bbox 917 807 1072 869; x_wconf 87' lang='lat' dir='ltr'>convenit</span> <span class='ocrx_word' id='word_1_46' title='bbox 1094 829 1133 871; x_wconf 89' lang='lat' dir='ltr'>ac</span> 
     </span>
     <span class='ocr_line' id='line_1_8' title="bbox 101 886 1131 972; baseline 0.006 -22"><span class='ocrx_word' id='word_1_47' title='bbox 101 887 240 972; x_wconf 89' lang='lat' dir='ltr'>primum</span> <span class='ocrx_word' id='word_1_48' title='bbox 264 888 305 951; x_wconf 93' lang='lat' dir='ltr'>ab</span> <span class='ocrx_word' id='word_1_49' title='bbox 328 887 484 951; x_wconf 86' lang='lat' dir='ltr'>hostibus</span> <span class='ocrx_word' id='word_1_50' title='bbox 513 889 586 950; x_wconf 91' lang='lat' dir='ltr'>visa</span> <span class='ocrx_word' id='word_1_51' title='bbox 619 896 679 962; x_wconf 89' lang='lat' dir='ltr'>est,</span> <span class='ocrx_word' id='word_1_52' title='bbox 713 888 841 951; x_wconf 80' lang='lat' dir='ltr'>circiter</span> <span class='ocrx_word' id='word_1_53' title='bbox 874 886 997 953; x_wconf 88' lang='lat' dir='ltr'>CCXX</span> <span class='ocrx_word' id='word_1_54' title='bbox 1030 913 1131 956; x_wconf 85' lang='lat' dir='ltr'>naves</span> 
     </span>
     <span class='ocr_line' id='line_1_9' title="bbox 102 973 1132 1057; baseline 0.005 -22"><span class='ocrx_word' id='word_1_55' title='bbox 102 993 216 1037; x_wconf 90' lang='lat' dir='ltr'>eorum</span> <span class='ocrx_word' id='word_1_56' title='bbox 237 973 464 1055; x_wconf 84' lang='lat' dir='ltr'>paratissimae</span> <span class='ocrx_word' id='word_1_57' title='bbox 496 981 597 1056; x_wconf 86' lang='lat' dir='ltr'>atque</span> <span class='ocrx_word' id='word_1_58' title='bbox 631 973 719 1035; x_wconf 91' lang='lat' dir='ltr'>omni</span> <span class='ocrx_word' id='word_1_59' title='bbox 750 993 870 1057; x_wconf 85' lang='lat' dir='ltr'>genere</span> <span class='ocrx_word' id='word_1_60' title='bbox 893 995 1058 1038; x_wconf 89' lang='lat' dir='ltr'>armorum</span> <span class='ocrx_word' id='word_1_61' title='bbox 1080 999 1132 1040; x_wconf 90' lang='lat' dir='ltr'>or-</span> 
     </span>
     <span class='ocr_line' id='line_1_10' title="bbox 100 1056 1132 1141; baseline 0.004 -20"><span class='ocrx_word' id='word_1_62' title='bbox 100 1058 299 1132; x_wconf 86' lang='lat' dir='ltr'>natissimae,</span> <span class='ocrx_word' id='word_1_63' title='bbox 322 1056 512 1141; x_wconf 85' lang='lat' dir='ltr'>²profectae</span> <span class='ocrx_word' id='word_1_64' title='bbox 535 1080 576 1121; x_wconf 83' lang='lat' dir='ltr'>ex</span> <span class='ocrx_word' id='word_1_65' title='bbox 599 1066 707 1140; x_wconf 86' lang='lat' dir='ltr'>portu,</span> <span class='ocrx_word' id='word_1_66' title='bbox 729 1058 853 1121; x_wconf 90' lang='lat' dir='ltr'>nostris</span> <span class='ocrx_word' id='word_1_67' title='bbox 876 1057 1037 1123; x_wconf 88' lang='lat' dir='ltr'>adversae</span> <span class='ocrx_word' id='word_1_68' title='bbox 1055 1083 1132 1126; x_wconf 89' lang='lat' dir='ltr'>con·</span> 
     </span>
     <span class='ocr_line' id='line_1_11' title="bbox 101 1140 1133 1226; baseline 0.007 -21"><span class='ocrx_word' id='word_1_69' title='bbox 101 1143 269 1218; x_wconf 74' lang='lat' dir='ltr'>stiterunt,</span> <span class='ocrx_word' id='word_1_70' title='bbox 291 1163 400 1226; x_wconf 89' lang='lat' dir='ltr'>neque</span> <span class='ocrx_word' id='word_1_71' title='bbox 422 1143 503 1205; x_wconf 89' lang='lat' dir='ltr'>satis</span> <span class='ocrx_word' id='word_1_72' title='bbox 525 1141 640 1216; x_wconf 83' lang='lat' dir='ltr'>Brute,</span> <span class='ocrx_word' id='word_1_73' title='bbox 674 1142 731 1224; x_wconf 93' lang='lat' dir='ltr'>qui</span> <span class='ocrx_word' id='word_1_74' title='bbox 764 1140 864 1205; x_wconf 87' lang='lat' dir='ltr'>classi</span> <span class='ocrx_word' id='word_1_75' title='bbox 896 1154 1056 1226; x_wconf 85' lang='lat' dir='ltr'>praeerat,</span> <span class='ocrx_word' id='word_1_76' title='bbox 1079 1149 1133 1211; x_wconf 85' lang='lat' dir='ltr'>vel</span> 
     </span>
     <span class='ocr_line' id='line_1_12' title="bbox 102 1227 1133 1313; baseline 0.005 -23"><span class='ocrx_word' id='word_1_77' title='bbox 102 1227 240 1290; x_wconf 89' lang='lat' dir='ltr'>tribunis</span> <span class='ocrx_word' id='word_1_78' title='bbox 263 1228 401 1290; x_wconf 90' lang='lat' dir='ltr'>militum</span> <span class='ocrx_word' id='word_1_79' title='bbox 424 1227 746 1309; x_wconf 81' lang='lat' dir='ltr'>centurionibusque,</span> <span class='ocrx_word' id='word_1_80' title='bbox 769 1227 889 1309; x_wconf 91' lang='lat' dir='ltr'>quibus</span> <span class='ocrx_word' id='word_1_81' title='bbox 913 1229 1061 1313; x_wconf 86' lang='lat' dir='ltr'>singulae</span> <span class='ocrx_word' id='word_1_82' title='bbox 1077 1254 1133 1295; x_wconf 90' lang='lat' dir='ltr'>na·</span> 
     </span>
     <span class='ocr_line' id='line_1_13' title="bbox 101 1311 1132 1398; baseline 0.006 -24"><span class='ocrx_word' id='word_1_83' title='bbox 101 1333 160 1375; x_wconf 80' lang='lat' dir='ltr'>ves</span> <span class='ocrx_word' id='word_1_84' title='bbox 184 1320 277 1375; x_wconf 89' lang='lat' dir='ltr'>erant</span> <span class='ocrx_word' id='word_1_85' title='bbox 298 1312 484 1385; x_wconf 87' lang='lat' dir='ltr'>attributae,</span> <span class='ocrx_word' id='word_1_86' title='bbox 507 1312 691 1386; x_wconf 84' lang='lat' dir='ltr'>constabat,</span> <span class='ocrx_word' id='word_1_87' title='bbox 715 1311 796 1394; x_wconf 89' lang='lat' dir='ltr'>quid</span> <span class='ocrx_word' id='word_1_88' title='bbox 817 1329 953 1396; x_wconf 79' lang='lat' dir='ltr'>agerent</span> <span class='ocrx_word' id='word_1_89' title='bbox 967 1325 1024 1378; x_wconf 89' lang='lat' dir='ltr'>aut</span> <span class='ocrx_word' id='word_1_90' title='bbox 1036 1336 1132 1398; x_wconf 90' lang='lat' dir='ltr'>quam</span> 
     </span>
     <span class='ocr_line' id='line_1_14' title="bbox 100 1396 1133 1480; baseline 0.006 -21"><span class='ocrx_word' id='word_1_91' title='bbox 100 1397 260 1460; x_wconf 87' lang='lat' dir='ltr'>rationem</span> <span class='ocrx_word' id='word_1_92' title='bbox 281 1417 413 1480; x_wconf 85' lang='lat' dir='ltr'>pugnae</span> <span class='ocrx_word' id='word_1_93' title='bbox 434 1396 633 1460; x_wconf 87' lang='lat' dir='ltr'>insisterent.</span> <span class='ocrx_word' id='word_1_94' title='bbox 678 1397 804 1460; x_wconf 85' lang='lat' dir='ltr'>Rostro</span> <span class='ocrx_word' id='word_1_95' title='bbox 827 1398 911 1460; x_wconf 92' lang='lat' dir='ltr'>enim</span> <span class='ocrx_word' id='word_1_96' title='bbox 933 1402 1045 1462; x_wconf 86' lang='lat' dir='ltr'>noceri</span> <span class='ocrx_word' id='word_1_97' title='bbox 1064 1424 1133 1464; x_wconf 91' lang='lat' dir='ltr'>non</span> 
     </span>
    </p>

    <p class='ocr_par' dir='ltr' id='par_1_4' title="bbox 99 1480 1132 2159">
     <span class='ocr_line' id='line_1_15' title="bbox 124 1480 1132 1565; baseline 0.005 -21"><span class='ocrx_word' id='word_1_98' title='bbox 124 1502 203 1544; x_wconf 89' lang='lat' dir='ltr'>osse</span> <span class='ocrx_word' id='word_1_99' title='bbox 225 1489 463 1565; x_wconf 81' lang='lat' dir='ltr'>cognoverant3</span> <span class='ocrx_word' id='word_1_100' title='bbox 497 1480 664 1546; x_wconf 83' lang='lat' dir='ltr'>³turribus</span> <span class='ocrx_word' id='word_1_101' title='bbox 697 1489 806 1545; x_wconf 87' lang='lat' dir='ltr'>autem</span> <span class='ocrx_word' id='word_1_102' title='bbox 840 1483 990 1546; x_wconf 84' lang='lat' dir='ltr'>excitatis</span> <span class='ocrx_word' id='word_1_103' title='bbox 1024 1494 1132 1549; x_wconf 87' lang='lat' dir='ltr'>tamen</span> 
     </span>
     <span class='ocr_line' id='line_1_16' title="bbox 99 1502 1131 1652; baseline 0.005 -23"><span class='ocrx_word' id='word_1_104' title='bbox 99 1502 162 1629; x_wconf 76' lang='lat' dir='ltr'>llas</span> <span class='ocrx_word' id='word_1_105' title='bbox 186 1565 328 1629; x_wconf 88' lang='lat' dir='ltr'>altitudo</span> <span class='ocrx_word' id='word_1_106' title='bbox 351 1566 511 1649; x_wconf 93' lang='lat' dir='ltr'>puppium</span> <span class='ocrx_word' id='word_1_107' title='bbox 534 1586 577 1629; x_wconf 84' lang='lat' dir='ltr'>ex</span> <span class='ocrx_word' id='word_1_108' title='bbox 597 1567 747 1632; x_wconf 85' lang='lat' dir='ltr'>barbaris</span> <span class='ocrx_word' id='word_1_109' title='bbox 773 1566 914 1630; x_wconf 83' lang='lat' dir='ltr'>navibus</span> <span class='ocrx_word' id='word_1_110' title='bbox 944 1571 1131 1652; x_wconf 88' lang='lat' dir='ltr'>superabat,</span> 
     </span>
     <span class='ocr_line' id='line_1_17' title="bbox 99 1649 1132 1738; baseline 0.003 -24"><span class='ocrx_word' id='word_1_111' title='bbox 99 1658 137 1714; x_wconf 91' lang='lat' dir='ltr'>ut</span> <span class='ocrx_word' id='word_1_112' title='bbox 157 1671 266 1733; x_wconf 90' lang='lat' dir='ltr'>neque</span> <span class='ocrx_word' id='word_1_113' title='bbox 289 1672 332 1713; x_wconf 85' lang='lat' dir='ltr'>ex</span> <span class='ocrx_word' id='word_1_114' title='bbox 354 1649 507 1713; x_wconf 82' lang='lat' dir='ltr'>inferiore</span> <span class='ocrx_word' id='word_1_115' title='bbox 530 1650 605 1715; x_wconf 91' lang='lat' dir='ltr'>loco</span> <span class='ocrx_word' id='word_1_116' title='bbox 628 1652 710 1714; x_wconf 84' lang='lat' dir='ltr'>satis</span> <span class='ocrx_word' id='word_1_117' title='bbox 739 1650 912 1714; x_wconf 90' lang='lat' dir='ltr'>commode</span> <span class='ocrx_word' id='word_1_118' title='bbox 940 1653 1006 1715; x_wconf 91' lang='lat' dir='ltr'>tela</span> <span class='ocrx_word' id='word_1_119' title='bbox 1034 1653 1132 1738; x_wconf 85' lang='lat' dir='ltr'>adjici</span> 
     </span>
     <span class='ocr_line' id='line_1_18' title="bbox 99 1733 1132 1821; baseline 0.005 -23"><span class='ocrx_word' id='word_1_120' title='bbox 99 1744 241 1819; x_wconf 88' lang='lat' dir='ltr'>possent</span> <span class='ocrx_word' id='word_1_121' title='bbox 263 1744 296 1798; x_wconf 91' lang='lat' dir='ltr'>et</span> <span class='ocrx_word' id='word_1_122' title='bbox 317 1736 420 1798; x_wconf 89' lang='lat' dir='ltr'>missa</span> <span class='ocrx_word' id='word_1_123' title='bbox 451 1736 494 1799; x_wconf 85' lang='lat' dir='ltr'>ab</span> <span class='ocrx_word' id='word_1_124' title='bbox 528 1733 633 1799; x_wconf 91' lang='lat' dir='ltr'>Gallis</span> <span class='ocrx_word' id='word_1_125' title='bbox 661 1736 794 1821; x_wconf 86' lang='lat' dir='ltr'>gravius</span> <span class='ocrx_word' id='word_1_126' title='bbox 820 1735 1014 1800; x_wconf 84' lang='lat' dir='ltr'>acciderent.</span> <span class='ocrx_word' id='word_1_127' title='bbox 1059 1739 1132 1803; x_wconf 93' lang='lat' dir='ltr'>Una</span> 
     </span>
     <span class='ocr_line' id='line_1_19' title="bbox 100 1820 1131 1907; baseline 0.005 -25"><span class='ocrx_word' id='word_1_128' title='bbox 100 1828 171 1883; x_wconf 88' lang='lat' dir='ltr'>erat</span> <span class='ocrx_word' id='word_1_129' title='bbox 192 1841 310 1904; x_wconf 88' lang='lat' dir='ltr'>magno</span> <span class='ocrx_word' id='word_1_130' title='bbox 333 1820 409 1883; x_wconf 92' lang='lat' dir='ltr'>usui</span> <span class='ocrx_word' id='word_1_131' title='bbox 430 1841 484 1883; x_wconf 87' lang='lat' dir='ltr'>res</span> <span class='ocrx_word' id='word_1_132' title='bbox 507 1821 879 1905; x_wconf 87' lang='lat' dir='ltr'>praeparataanostris‚</span> <span class='ocrx_word' id='word_1_133' title='bbox 902 1821 1131 1907; x_wconf 79' lang='lat' dir='ltr'>⁴falcesprae-</span> 
     </span>
     <span class='ocr_line' id='line_1_20' title="bbox 100 1903 1132 1990; baseline 0.004 -22"><span class='ocrx_word' id='word_1_134' title='bbox 100 1912 225 1980; x_wconf 88' lang='lat' dir='ltr'>acutae,</span> <span class='ocrx_word' id='word_1_135' title='bbox 247 1907 390 1968; x_wconf 87' lang='lat' dir='ltr'>insertae</span> <span class='ocrx_word' id='word_1_136' title='bbox 412 1903 597 1988; x_wconf 84' lang='lat' dir='ltr'>affixaeque</span> <span class='ocrx_word' id='word_1_137' title='bbox 618 1905 789 1990; x_wconf 89' lang='lat' dir='ltr'>longuriis,</span> <span class='ocrx_word' id='word_1_138' title='bbox 814 1927 881 1968; x_wconf 91' lang='lat' dir='ltr'>non</span> <span class='ocrx_word' id='word_1_139' title='bbox 904 1907 1044 1970; x_wconf 87' lang='lat' dir='ltr'>absimili</span> <span class='ocrx_word' id='word_1_140' title='bbox 1065 1907 1132 1972; x_wconf 81' lang='lat' dir='ltr'>lor-</span> 
     </span>
     <span class='ocr_line' id='line_1_21' title="bbox 99 1988 1131 2075; baseline 0.003 -23"><span class='ocrx_word' id='word_1_141' title='bbox 99 2011 154 2052; x_wconf 91' lang='lat' dir='ltr'>ma</span> <span class='ocrx_word' id='word_1_142' title='bbox 174 1989 346 2052; x_wconf 85' lang='lat' dir='ltr'>muralium</span> <span class='ocrx_word' id='word_1_143' title='bbox 367 1988 508 2053; x_wconf 84' lang='lat' dir='ltr'>falcium.</span> <span class='ocrx_word' id='word_1_144' title='bbox 552 1990 615 2053; x_wconf 91' lang='lat' dir='ltr'>His</span> <span class='ocrx_word' id='word_1_145' title='bbox 640 2011 738 2073; x_wconf 90' lang='lat' dir='ltr'>quum</span> <span class='ocrx_word' id='word_1_146' title='bbox 761 1988 866 2064; x_wconf 80' lang='lat' dir='ltr'>funes,</span> <span class='ocrx_word' id='word_1_147' title='bbox 891 1992 947 2075; x_wconf 89' lang='lat' dir='ltr'>qui</span> <span class='ocrx_word' id='word_1_148' title='bbox 962 2000 1131 2057; x_wconf 86' lang='lat' dir='ltr'>antemnas</span> 
     </span>
     <span class='ocr_line' id='line_1_22' title="bbox 100 2073 1130 2159; baseline 0.003 -21"><span class='ocrx_word' id='word_1_149' title='bbox 100 2074 144 2140; x_wconf 83' lang='lat' dir='ltr'>ad</span> <span class='ocrx_word' id='word_1_150' title='bbox 166 2075 272 2137; x_wconf 87' lang='lat' dir='ltr'>malos</span> <span class='ocrx_word' id='word_1_151' title='bbox 295 2073 535 2150; x_wconf 70' lang='lat' dir='ltr'>‘destinabant</span> <span class='ocrx_word' id='word_1_152' title='bbox 557 2074 788 2159; x_wconf 89' lang='lat' dir='ltr'>comprehensi</span> <span class='ocrx_word' id='word_1_153' title='bbox 810 2074 1011 2158; x_wconf 88' lang='lat' dir='ltr'>adductique</span> <span class='ocrx_word' id='word_1_154' title='bbox 1030 2087 1130 2152; x_wconf 89' lang='lat' dir='ltr'>erant,</span> 
     </span>
    </p>
   </div>
   <div class='ocr_carea' id='block_1_3' title="bbox 99 2159 1131 2307">
    <p class='ocr_par' dir='ltr' id='par_1_5' title="bbox 99 2159 1131 2307">
     <span class='ocr_line' id='line_1_23' title="bbox 99 2159 1131 2307; baseline 0.001 -83"><span class='ocrx_word' id='word_1_155' title='bbox 99 2159 230 2257; x_wconf 77' lang='lat' dir='ltr'>navigio</span> <span class='ocrx_word' id='word_1_156' title='bbox 252 2160 350 2222; x_wconf 90' lang='lat' dir='ltr'>remis</span> <span class='ocrx_word' id='word_1_157' title='bbox 375 2160 511 2223; x_wconf 89' lang='lat' dir='ltr'>incitato</span> <span class='ocrx_word' id='word_1_158' title='bbox 534 2160 858 2307; x_wconf 68' lang='lat' dir='ltr'>praerumpebautur.</span> <span class='ocrx_word' id='word_1_159' title='bbox 904 2159 1032 2239; x_wconf 86' lang='lat' dir='ltr'>Quibus</span> <span class='ocrx_word' id='word_1_160' title='bbox 1056 2164 1131 2225; x_wconf 89' lang='lat' dir='ltr'>abs-</span> 
     </span>
    </p>
   </div>
   <div class='ocr_carea' id='block_1_4' title="bbox 97 2244 1131 3943">
    <p class='ocr_par' dir='ltr' id='par_1_6' title="bbox 97 2244 1131 3008">
     <span class='ocr_line' id='line_1_24' title="bbox 101 2244 1129 2327; baseline 0.001 -19"><span class='ocrx_word' id='word_1_161' title='bbox 101 2245 179 2308; x_wconf 84' lang='lat' dir='ltr'>cisis</span> <span class='ocrx_word' id='word_1_162' title='bbox 197 2254 368 2309; x_wconf 88' lang='lat' dir='ltr'>antemnae</span> <span class='ocrx_word' id='word_1_163' title='bbox 384 2246 573 2309; x_wconf 90' lang='lat' dir='ltr'>necessario</span> <span class='ocrx_word' id='word_1_164' title='bbox 591 2245 684 2308; x_wconf 89' lang='lat' dir='ltr'>conci</span> <span class='ocrx_word' id='word_1_165' title='bbox 711 2244 817 2319; x_wconf 81' lang='lat' dir='ltr'>ebant,</span> <span class='ocrx_word' id='word_1_166' title='bbox 840 2253 885 2317; x_wconf 91' lang='lat' dir='ltr'>ut,</span> <span class='ocrx_word' id='word_1_167' title='bbox 909 2265 1009 2327; x_wconf 92' lang='lat' dir='ltr'>quum</span> <span class='ocrx_word' id='word_1_168' title='bbox 1025 2247 1129 2309; x_wconf 92' lang='lat' dir='ltr'>omnis</span> 
     </span>
     <span class='ocr_line' id='line_1_25' title="bbox 101 2327 1131 2414; baseline 0.001 -21"><span class='ocrx_word' id='word_1_169' title='bbox 101 2327 237 2393; x_wconf 86' lang='lat' dir='ltr'>Gallicis</span> <span class='ocrx_word' id='word_1_170' title='bbox 259 2330 398 2393; x_wconf 85' lang='lat' dir='ltr'>navibus</span> <span class='ocrx_word' id='word_1_171' title='bbox 421 2351 500 2414; x_wconf 88' lang='lat' dir='ltr'>spes</span> <span class='ocrx_word' id='word_1_172' title='bbox 523 2331 556 2395; x_wconf 93' lang='lat' dir='ltr'>in</span> <span class='ocrx_word' id='word_1_173' title='bbox 578 2331 662 2394; x_wconf 90' lang='lat' dir='ltr'>velis</span> <span class='ocrx_word' id='word_1_174' title='bbox 684 2330 959 2411; x_wconf 90' lang='lat' dir='ltr'>armamentisque</span> <span class='ocrx_word' id='word_1_175' title='bbox 971 2331 1131 2395; x_wconf 87' lang='lat' dir='ltr'>consiste·</span> 
     </span>
     <span class='ocr_line' id='line_1_26' title="bbox 98 2413 1129 2498; baseline 0.001 -21"><span class='ocrx_word' id='word_1_176' title='bbox 98 2425 158 2487; x_wconf 85' lang='lat' dir='ltr'>ret,</span> <span class='ocrx_word' id='word_1_177' title='bbox 180 2413 233 2477; x_wconf 88' lang='lat' dir='ltr'>bis</span> <span class='ocrx_word' id='word_1_178' title='bbox 256 2415 378 2497; x_wconf 89' lang='lat' dir='ltr'>ereptis</span> <span class='ocrx_word' id='word_1_179' title='bbox 401 2416 507 2479; x_wconf 91' lang='lat' dir='ltr'>omnis</span> <span class='ocrx_word' id='word_1_180' title='bbox 530 2437 612 2479; x_wconf 92' lang='lat' dir='ltr'>usus</span> <span class='ocrx_word' id='word_1_181' title='bbox 634 2415 766 2478; x_wconf 81' lang='lat' dir='ltr'>navium</span> <span class='ocrx_word' id='word_1_182' title='bbox 791 2435 858 2477; x_wconf 92' lang='lat' dir='ltr'>uno</span> <span class='ocrx_word' id='word_1_183' title='bbox 886 2422 1035 2498; x_wconf 90' lang='lat' dir='ltr'>tempore</span> <span class='ocrx_word' id='word_1_184' title='bbox 1069 2416 1129 2478; x_wconf 89' lang='lat' dir='ltr'>eri-</span> 
     </span>
     <span class='ocr_line' id='line_1_27' title="bbox 98 2498 1128 2584; baseline 0.001 -22"><span class='ocrx_word' id='word_1_185' title='bbox 98 2509 239 2584; x_wconf 85' lang='lat' dir='ltr'>peretur.</span> <span class='ocrx_word' id='word_1_186' title='bbox 284 2499 460 2582; x_wconf 75' lang='lat' dir='ltr'>lleb‘quum</span> <span class='ocrx_word' id='word_1_187' title='bbox 488 2508 558 2564; x_wconf 88' lang='lat' dir='ltr'>erat</span> <span class='ocrx_word' id='word_1_188' title='bbox 586 2508 749 2563; x_wconf 85' lang='lat' dir='ltr'>certamen</span> <span class='ocrx_word' id='word_1_189' title='bbox 777 2498 923 2583; x_wconf 90' lang='lat' dir='ltr'>positum</span> <span class='ocrx_word' id='word_1_190' title='bbox 945 2500 978 2563; x_wconf 94' lang='lat' dir='ltr'>in</span> <span class='ocrx_word' id='word_1_191' title='bbox 1000 2500 1128 2575; x_wconf 87' lang='lat' dir='ltr'>virtute,</span> 
     </span>
     <span class='ocr_line' id='line_1_28' title="bbox 98 2584 1128 2670; baseline 0.004 -26"><span class='ocrx_word' id='word_1_192' title='bbox 98 2605 163 2666; x_wconf 87' lang='lat' dir='ltr'>qua</span> <span class='ocrx_word' id='word_1_193' title='bbox 185 2585 293 2647; x_wconf 90' lang='lat' dir='ltr'>nostri</span> <span class='ocrx_word' id='word_1_194' title='bbox 318 2585 438 2649; x_wconf 89' lang='lat' dir='ltr'>milites</span> <span class='ocrx_word' id='word_1_195' title='bbox 467 2584 563 2648; x_wconf 89' lang='lat' dir='ltr'>facile</span> <span class='ocrx_word' id='word_1_196' title='bbox 592 2585 801 2669; x_wconf 87' lang='lat' dir='ltr'>superabant,</span> <span class='ocrx_word' id='word_1_197' title='bbox 830 2591 930 2667; x_wconf 90' lang='lat' dir='ltr'>atque</span> <span class='ocrx_word' id='word_1_198' title='bbox 952 2605 991 2647; x_wconf 94' lang='lat' dir='ltr'>eo</span> <span class='ocrx_word' id='word_1_199' title='bbox 1013 2585 1128 2670; x_wconf 88' lang='lat' dir='ltr'>magis,</span> 
     </span>
     <span class='ocr_line' id='line_1_29' title="bbox 99 2667 1128 2753; baseline 0 -21"><span class='ocrx_word' id='word_1_200' title='bbox 99 2667 190 2752; x_wconf 88' lang='lat' dir='ltr'>quod</span> <span class='ocrx_word' id='word_1_201' title='bbox 212 2669 246 2738; x_wconf 83' lang='lat' dir='ltr'>in</span> <span class='ocrx_word' id='word_1_202' title='bbox 269 2678 451 2753; x_wconf 89' lang='lat' dir='ltr'>conspectu</span> <span class='ocrx_word' id='word_1_203' title='bbox 473 2668 625 2733; x_wconf 87' lang='lat' dir='ltr'>Caesaris</span> <span class='ocrx_word' id='word_1_204' title='bbox 647 2676 746 2752; x_wconf 90' lang='lat' dir='ltr'>atque</span> <span class='ocrx_word' id='word_1_205' title='bbox 769 2668 875 2732; x_wconf 92' lang='lat' dir='ltr'>omnis</span> <span class='ocrx_word' id='word_1_206' title='bbox 899 2670 1061 2732; x_wconf 89' lang='lat' dir='ltr'>exercitus</span> <span class='ocrx_word' id='word_1_207' title='bbox 1074 2691 1128 2732; x_wconf 86' lang='lat' dir='ltr'>res</span> 
     </span>
     <span class='ocr_line' id='line_1_30' title="bbox 97 2752 1129 2840; baseline 0.001 -24"><span class='ocrx_word' id='word_1_208' title='bbox 97 2755 283 2838; x_wconf 86' lang='lat' dir='ltr'>gerebatur,</span> <span class='ocrx_word' id='word_1_209' title='bbox 307 2753 364 2817; x_wconf 71' lang='lat' dir='ltr'>⁷ut</span> <span class='ocrx_word' id='word_1_210' title='bbox 386 2756 512 2818; x_wconf 90' lang='lat' dir='ltr'>nullum</span> <span class='ocrx_word' id='word_1_211' title='bbox 533 2755 635 2839; x_wconf 87' lang='lat' dir='ltr'>paulo</span> <span class='ocrx_word' id='word_1_212' title='bbox 657 2753 776 2819; x_wconf 79' lang='lat' dir='ltr'>fortius</span> <span class='ocrx_word' id='word_1_213' title='bbox 798 2752 922 2817; x_wconf 81' lang='lat' dir='ltr'>factum</span> <span class='ocrx_word' id='word_1_214' title='bbox 933 2753 1035 2817; x_wconf 86' lang='lat' dir='ltr'>latere</span> <span class='ocrx_word' id='word_1_215' title='bbox 1050 2775 1129 2840; x_wconf 91' lang='lat' dir='ltr'>pos·</span> 
     </span>
     <span class='ocr_line' id='line_1_31' title="bbox 98 2838 1129 2924; baseline 0.002 -22"><span class='ocrx_word' id='word_1_216' title='bbox 98 2851 165 2911; x_wconf 86' lang='lat' dir='ltr'>set;</span> <span class='ocrx_word' id='word_1_217' title='bbox 188 2860 302 2902; x_wconf 88' lang='lat' dir='ltr'>omnes</span> <span class='ocrx_word' id='word_1_218' title='bbox 325 2839 410 2903; x_wconf 92' lang='lat' dir='ltr'>enim</span> <span class='ocrx_word' id='word_1_219' title='bbox 431 2839 536 2904; x_wconf 90' lang='lat' dir='ltr'>colles</span> <span class='ocrx_word' id='word_1_220' title='bbox 560 2861 599 2903; x_wconf 89' lang='lat' dir='ltr'>ae</span> <span class='ocrx_word' id='word_1_221' title='bbox 620 2838 696 2903; x_wconf 88' lang='lat' dir='ltr'>loca</span> <span class='ocrx_word' id='word_1_222' title='bbox 724 2839 905 2924; x_wconf 86' lang='lat' dir='ltr'>superiora,</span> <span class='ocrx_word' id='word_1_223' title='bbox 936 2839 1025 2904; x_wconf 91' lang='lat' dir='ltr'>unde</span> <span class='ocrx_word' id='word_1_224' title='bbox 1059 2845 1129 2905; x_wconf 86' lang='lat' dir='ltr'>erat</span> 
     </span>
     <span class='ocr_line' id='line_1_32' title="bbox 99 2923 1128 3008; baseline 0.001 -23"><span class='ocrx_word' id='word_1_225' title='bbox 99 2923 306 3007; x_wconf 88' lang='lat' dir='ltr'>propinquus</span> <span class='ocrx_word' id='word_1_226' title='bbox 329 2923 508 3008; x_wconf 86' lang='lat' dir='ltr'>despectus</span> <span class='ocrx_word' id='word_1_227' title='bbox 520 2924 553 2988; x_wconf 94' lang='lat' dir='ltr'>in</span> <span class='ocrx_word' id='word_1_228' title='bbox 567 2945 666 2999; x_wconf 91' lang='lat' dir='ltr'>mare,</span> <span class='ocrx_word' id='word_1_229' title='bbox 689 2925 731 2987; x_wconf 90' lang='lat' dir='ltr'>ab</span> <span class='ocrx_word' id='word_1_230' title='bbox 755 2925 902 2990; x_wconf 82' lang='lat' dir='ltr'>exercitu</span> <span class='ocrx_word' id='word_1_231' title='bbox 923 2926 1128 2988; x_wconf 88' lang='lat' dir='ltr'>tenebantur.</span> 
     </span>
    </p>

    <p class='ocr_par' dir='ltr' id='par_1_7' title="bbox 97 3008 1130 3943">
     <span class='ocr_line' id='line_1_33' title="bbox 145 3008 1129 3093; baseline -0.001 -22"><span class='ocrx_word' id='word_1_232' title='bbox 145 3008 192 3071; x_wconf 79' lang='lat'>15.</span> <span class='ocrx_word' id='word_1_233' title='bbox 236 3008 403 3092; x_wconf 87' lang='lat' dir='ltr'>Disjcctis,</span> <span class='ocrx_word' id='word_1_234' title='bbox 425 3018 463 3074; x_wconf 90' lang='lat' dir='ltr'>ut</span> <span class='ocrx_word' id='word_1_235' title='bbox 491 3008 642 3084; x_wconf 87' lang='lat' dir='ltr'>diximus,</span> <span class='ocrx_word' id='word_1_236' title='bbox 670 3009 839 3083; x_wconf 85' lang='lat' dir='ltr'>antemnis,</span> <span class='ocrx_word' id='word_1_237' title='bbox 868 3008 989 3092; x_wconf 87' lang='lat' dir='ltr'>¹qnum</span> <span class='ocrx_word' id='word_1_238' title='bbox 1019 3009 1129 3093; x_wconf 89' lang='lat' dir='ltr'>singu-</span> 
     </span>
     <span class='ocr_line' id='line_1_34' title="bbox 99 3092 1129 3168; baseline -0.002 -11"><span class='ocrx_word' id='word_1_239' title='bbox 99 3092 150 3157; x_wconf 88' lang='lat' dir='ltr'>las</span> <span class='ocrx_word' id='word_1_240' title='bbox 172 3094 268 3157; x_wconf 87' lang='lat' dir='ltr'>binae</span> <span class='ocrx_word' id='word_1_241' title='bbox 291 3115 330 3156; x_wconf 90' lang='lat' dir='ltr'>ac</span> <span class='ocrx_word' id='word_1_242' title='bbox 352 3103 463 3158; x_wconf 87' lang='lat' dir='ltr'>ternae</span> <span class='ocrx_word' id='word_1_243' title='bbox 474 3116 576 3159; x_wconf 84' lang='lat' dir='ltr'>naves</span> <span class='ocrx_word' id='word_1_244' title='bbox 593 3095 883 3168; x_wconf 85' lang='lat' dir='ltr'>circmnsteterant,</span> <span class='ocrx_word' id='word_1_245' title='bbox 905 3094 1024 3156; x_wconf 90' lang='lat' dir='ltr'>milites</span> <span class='ocrx_word' id='word_1_246' title='bbox 1041 3114 1129 3156; x_wconf 90' lang='lat' dir='ltr'>sum-</span> 
     </span>
     <span class='ocr_line' id='line_1_35' title="bbox 98 3177 1128 3246; baseline -0.002 -5"><span class='ocrx_word' id='word_1_247' title='bbox 98 3199 153 3242; x_wconf 90' lang='lat' dir='ltr'>ma</span> <span class='ocrx_word' id='word_1_248' title='bbox 173 3179 207 3242; x_wconf 90' lang='lat' dir='ltr'>vi</span> <span class='ocrx_word' id='word_1_249' title='bbox 231 3179 465 3243; x_wconf 81' lang='lat' dir='ltr'>transcendere</span> <span class='ocrx_word' id='word_1_250' title='bbox 497 3180 531 3243; x_wconf 93' lang='lat' dir='ltr'>in</span> <span class='ocrx_word' id='word_1_251' title='bbox 562 3179 709 3243; x_wconf 88' lang='lat' dir='ltr'>hostium</span> <span class='ocrx_word' id='word_1_252' title='bbox 741 3197 842 3241; x_wconf 92' lang='lat' dir='ltr'>naves</span> <span class='ocrx_word' id='word_1_253' title='bbox 877 3177 1128 3246; x_wconf 87' lang='lat' dir='ltr'>contendebant.</span> 
     </span>
     <span class='ocr_line' id='line_1_36' title="bbox 99 3260 1129 3348; baseline 0.002 -21"><span class='ocrx_word' id='word_1_254' title='bbox 99 3262 202 3342; x_wconf 74' lang='lat' dir='ltr'>Quod</span> <span class='ocrx_word' id='word_1_255' title='bbox 233 3274 413 3348; x_wconf 88' lang='lat' dir='ltr'>postquam</span> <span class='ocrx_word' id='word_1_256' title='bbox 445 3264 577 3329; x_wconf 82' lang='lat' dir='ltr'>barbari</span> <span class='ocrx_word' id='word_1_257' title='bbox 609 3263 679 3327; x_wconf 83' lang='lat' dir='ltr'>fieri</span> <span class='ocrx_word' id='word_1_258' title='bbox 717 3260 1033 3336; x_wconf 85' lang='lat' dir='ltr'>animadverterunt,</span> <span class='ocrx_word' id='word_1_259' title='bbox 1073 3283 1129 3329; x_wconf 81' lang='lat' dir='ltr'>ex.-</span> 
     </span>
     <span class='ocr_line' id='line_1_37' title="bbox 98 3346 1130 3433; baseline -0.003 -22"><span class='ocrx_word' id='word_1_260' title='bbox 98 3349 254 3433; x_wconf 84' lang='lat' dir='ltr'>pugnatis</span> <span class='ocrx_word' id='word_1_261' title='bbox 277 3349 503 3432; x_wconf 86' lang='lat' dir='ltr'>compluribus</span> <span class='ocrx_word' id='word_1_262' title='bbox 524 3348 675 3420; x_wconf 85' lang='lat' dir='ltr'>navibus,</span> <span class='ocrx_word' id='word_1_263' title='bbox 697 3366 798 3431; x_wconf 90' lang='lat' dir='ltr'>quum</span> <span class='ocrx_word' id='word_1_264' title='bbox 821 3346 851 3410; x_wconf 90' lang='lat' dir='ltr'>ei</span> <span class='ocrx_word' id='word_1_265' title='bbox 872 3347 921 3413; x_wconf 82' lang='lat' dir='ltr'>rei</span> <span class='ocrx_word' id='word_1_266' title='bbox 941 3346 1067 3414; x_wconf 85' lang='lat' dir='ltr'>nullum</span> <span class='ocrx_word' id='word_1_267' title='bbox 1079 3367 1130 3411; x_wconf 90' lang='lat' dir='ltr'>re·</span> 
     </span>
     <span class='ocr_line' id='line_1_38' title="bbox 98 3429 1128 3557; baseline 0.003 -62"><span class='ocrx_word' id='word_1_268' title='bbox 98 3433 261 3557; x_wconf 85' lang='lat' dir='ltr'>periretnr</span> <span class='ocrx_word' id='word_1_269' title='bbox 282 3432 448 3509; x_wconf 87' lang='lat' dir='ltr'>auxilium,</span> <span class='ocrx_word' id='word_1_270' title='bbox 470 3433 550 3518; x_wconf 81' lang='lat' dir='ltr'>fuga</span> <span class='ocrx_word' id='word_1_271' title='bbox 571 3433 712 3498; x_wconf 79' lang='lat' dir='ltr'>salutem</span> <span class='ocrx_word' id='word_1_272' title='bbox 733 3439 847 3517; x_wconf 85' lang='lat' dir='ltr'>petere</span> <span class='ocrx_word' id='word_1_273' title='bbox 879 3429 1128 3499; x_wconf 81' lang='lat' dir='ltr'>contenderunt.</span> 
     </span>
     <span class='ocr_line' id='line_1_39' title="bbox 113 3517 1128 3616; baseline -0.006 -34"><span class='ocrx_word' id='word_1_274' title='bbox 113 3520 163 3583; x_wconf 84' lang='lat' dir='ltr'>Ac</span> <span class='ocrx_word' id='word_1_275' title='bbox 179 3518 249 3602; x_wconf 84' lang='lat' dir='ltr'>jam</span> <span class='ocrx_word' id='word_1_276' title='bbox 273 3520 443 3583; x_wconf 89' lang='lat' dir='ltr'>conversis</span> <span class='ocrx_word' id='word_1_277' title='bbox 465 3519 499 3583; x_wconf 93' lang='lat' dir='ltr'>in</span> <span class='ocrx_word' id='word_1_278' title='bbox 522 3526 742 3616; x_wconf 84' lang='lat' dir='ltr'>campartem</span> <span class='ocrx_word' id='word_1_279' title='bbox 762 3517 912 3590; x_wconf 85' lang='lat' dir='ltr'>navibus,</span> <span class='ocrx_word' id='word_1_280' title='bbox 930 3535 997 3599; x_wconf 90' lang='lat' dir='ltr'>quo</span> <span class='ocrx_word' id='word_1_281' title='bbox 1009 3521 1128 3578; x_wconf 89' lang='lat' dir='ltr'>ventus</span> 
     </span>
     <span class='ocr_line' id='line_1_40' title="bbox 98 3599 1128 3686; baseline -0.004 -20"><span class='ocrx_word' id='word_1_282' title='bbox 98 3601 234 3678; x_wconf 83' lang='lat' dir='ltr'>ferebat,</span> <span class='ocrx_word' id='word_1_283' title='bbox 256 3613 348 3666; x_wconf 88' lang='lat' dir='ltr'>tanta</span> <span class='ocrx_word' id='word_1_284' title='bbox 369 3604 482 3667; x_wconf 90' lang='lat' dir='ltr'>subito</span> <span class='ocrx_word' id='word_1_285' title='bbox 504 3604 640 3666; x_wconf 82' lang='lat' dir='ltr'>malacia</span> <span class='ocrx_word' id='word_1_286' title='bbox 667 3624 706 3666; x_wconf 86' lang='lat' dir='ltr'>ac</span> <span class='ocrx_word' id='word_1_287' title='bbox 738 3600 959 3686; x_wconf 87' lang='lat' dir='ltr'>tranquillitas</span> <span class='ocrx_word' id='word_1_288' title='bbox 992 3599 1128 3674; x_wconf 86' lang='lat' dir='ltr'>exstitit,</span> 
     </span>
     <span class='ocr_line' id='line_1_41' title="bbox 97 3681 1129 3770; baseline -0.005 -19"><span class='ocrx_word' id='word_1_289' title='bbox 97 3697 136 3759; x_wconf 87' lang='lat' dir='ltr'>ut</span> <span class='ocrx_word' id='word_1_290' title='bbox 158 3708 195 3751; x_wconf 86' lang='lat' dir='ltr'>se</span> <span class='ocrx_word' id='word_1_291' title='bbox 218 3709 260 3751; x_wconf 86' lang='lat' dir='ltr'>ex</span> <span class='ocrx_word' id='word_1_292' title='bbox 281 3688 357 3750; x_wconf 89' lang='lat' dir='ltr'>loco</span> <span class='ocrx_word' id='word_1_293' title='bbox 391 3708 598 3753; x_wconf 88' lang='lat' dir='ltr'>commovere</span> <span class='ocrx_word' id='word_1_294' title='bbox 629 3709 697 3753; x_wconf 92' lang='lat' dir='ltr'>non</span> <span class='ocrx_word' id='word_1_295' title='bbox 731 3693 877 3770; x_wconf 88' lang='lat' dir='ltr'>possent</span> <span class='ocrx_word' id='word_1_296' title='bbox 922 3681 1036 3764; x_wconf 81' lang='lat' dir='ltr'>⁵Quae</span> <span class='ocrx_word' id='word_1_297' title='bbox 1059 3684 1129 3768; x_wconf 93' lang='lat' dir='ltr'>qui-</span> 
     </span>
     <span class='ocr_line' id='line_1_42' title="bbox 98 3767 1130 3857; baseline -0.005 -21"><span class='ocrx_word' id='word_1_298' title='bbox 98 3772 175 3836; x_wconf 89' lang='lat' dir='ltr'>dem</span> <span class='ocrx_word' id='word_1_299' title='bbox 196 3793 252 3836; x_wconf 86' lang='lat' dir='ltr'>res</span> <span class='ocrx_word' id='word_1_300' title='bbox 274 3771 318 3835; x_wconf 89' lang='lat' dir='ltr'>ad</span> <span class='ocrx_word' id='word_1_301' title='bbox 340 3774 508 3857; x_wconf 87' lang='lat' dir='ltr'>negotium</span> <span class='ocrx_word' id='word_1_302' title='bbox 530 3769 769 3838; x_wconf 84' lang='lat' dir='ltr'>conficiendum</span> <span class='ocrx_word' id='word_1_303' title='bbox 781 3767 1130 3854; x_wconf 81' lang='lat' dir='ltr'>maximefuitoppor-</span> 
     </span>
     <span class='ocr_line' id='line_1_43' title="bbox 97 3854 1129 3943; baseline -0.009 -17"><span class='ocrx_word' id='word_1_304' title='bbox 97 3866 195 3933; x_wconf 78' lang='lat' dir='ltr'>tnna3</span> <span class='ocrx_word' id='word_1_305' title='bbox 226 3878 303 3923; x_wconf 87' lang='lat' dir='ltr'>uam</span> <span class='ocrx_word' id='word_1_306' title='bbox 335 3857 483 3943; x_wconf 86' lang='lat' dir='ltr'>singulas</span> <span class='ocrx_word' id='word_1_307' title='bbox 518 3854 628 3928; x_wconf 77' lang='lat' dir='ltr'>nostri</span> <span class='ocrx_word' id='word_1_308' title='bbox 646 3856 827 3927; x_wconf 68' lang='lat' dir='ltr'>musaeu</span> <span class='ocrx_word' id='word_1_309' title='bbox 848 3860 1129 3941; x_wconf 64' lang='lat' dir='ltr'>expugnaverunt,</span> 
     </span>
    </p>
   </div>
   <div class='ocr_carea' id='block_1_5' title="bbox 0 0 1238 4312">
    <p class='ocr_par' dir='ltr' id='par_1_8' title="bbox 0 0 1238 4312">
     <span class='ocr_line' id='line_1_44' title="bbox 0 0 1238 4312; baseline 0 1"><span class='ocrx_word' id='word_1_310' title='bbox 0 0 1238 4312; x_wconf 95' lang='lat' dir='ltr'> </span> 
     </span>
    </p>
   </div>
  </div>
 </body>
</html>
