2468 4312
461 259 523 302 um.
545 259 579 301 u.
601 258 670 302 can.
692 237 786 302 4-8.
1094 236 1134 303 31

101 393 228 520 portari
256 399 412 477 possent,
441 391 612 456 efficiebat.
656 391 695 454 ln
717 411 756 454 eo
779 387 910 454 flumine
930 412 1026 539 pons
1055 402 1134 455 erat.

120 479 172 543 Ibi
193 478 396 578 praesidium
417 479 513 563 ponit
541 486 574 540 et
600 478 635 541 in
668 476 771 539 altera
802 484 897 559 parte
954 476 1070 540 uminis
1095 475 1134 556 Q.

100 562 264 629 Titurium
301 563 457 627 Sabinum
485 563 630 648 legatum
662 583 736 624 cum
769 582 828 624 sex
862 561 1055 625 cohortibus
1083 584 1136 626 re·

101 649 233 734 linquite
267 656 377 712 castra
409 650 443 711 in
476 647 681 712 altitudinem
703 645 826 731 pedum
848 646 1023 711 duodecim
1045 647 1134 711 vallo

100 733 261 819 fossaque
284 733 511 819 duodeviginti
532 733 655 818 pedum
676 734 801 795 munire
818 732 923 816 jubet
1128 792 1133 797 .

143 820 173 883 6.
218 819 271 884 Ab
294 818 347 881 his
377 819 494 882 castris
524 818 684 903 oppidum
716 818 892 881 Remorum
921 817 1052 881 nomine
1080 816 1135 880 Bi·

99 905 186 969 brax
208 905 323 968 aberat
344 905 432 967 milia
454 925 613 988 passuum
636 911 721 967 octo.
765 902 806 966 Id
828 925 870 966 ex
884 904 999 967 itinere
1014 923 1134 988 magno

99 990 227 1074 impetu
254 989 377 1074 Belgae
405 1010 599 1112 oppugnare
627 997 814 1072 coeperunt
866 988 994 1074 ¹Aegre
1017 1010 1057 1051 eo
1081 987 1135 1052 die

100 1082 324 1138 sustentatum
346 1082 406 1138 est.
478 1073 649 1137 Gallorum
677 1073 792 1138 eadem
825 1080 924 1156 atque
957 1073 1134 1158 Belgarum

101 1161 306 1245 oppugnatio
331 1167 383 1223 est
404 1159 495 1222 haec.
540 1158 605 1223 Ubi
628 1159 835 1242 circumjecta
850 1158 1058 1222 multitudine
1072 1158 1134 1221 ho·

100 1246 224 1309 minum
246 1245 346 1308 ³totis
369 1246 541 1309 moenibus
564 1243 710 1327 undique
722 1244 851 1328 lapides
873 1245 908 1306 in
929 1265 1057 1306 murum
1067 1243 1136 1329 jaci

100 1352 163 1394 coe
188 1331 213 1394 ti
245 1340 323 1394 sunt
354 1351 533 1413 murusque
566 1329 796 1393 defensoribus
819 1329 962 1392 nudatus
986 1337 1045 1404 est,
1067 1330 1135 1392 ⁴te-

101 1424 157 1480 stu
184 1418 235 1480 'ne
267 1415 354 1479 facta
387 1424 503 1500 portas
537 1415 720 1479 succedunt
747 1436 939 1498 murumque
963 1416 1134 1479 subrutmt

102 1500 204 1581 Quod
227 1511 294 1565 tum
316 1501 413 1565 facile
435 1500 545 1564 fiebat.
596 1501 682 1566 Nam
710 1522 810 1584 quum
838 1507 929 1563 tanta
958 1499 1135 1563 multitudo

100 1585 231 1672 lapides
254 1608 292 1650 ac
314 1586 382 1650 tela
403 1587 620 1672 conjicerent,
642 1586 676 1648 in
698 1607 791 1648 muro
815 1585 1019 1648 consistendi
1040 1593 1135 1668 pote·

102 1681 172 1736 stas
196 1681 267 1735 erat
288 1673 377 1735 nulli.
423 1671 531 1750 Quum
553 1670 651 1734 finem
674 1669 888 1754 oppugnandi
908 1692 977 1732 nox
991 1669 1135 1745 lecisset,

100 1758 208 1823 Iccius
232 1757 364 1833 Remus,
387 1778 514 1820 summa
534 1756 706 1821 nobilitate
730 1763 763 1818 et
791 1756 896 1840 gratia
923 1755 1008 1818 int-er
1038 1776 1135 1831 suos

101 1843 180 1928 ⁵qui
201 1850 270 1906 tum
293 1842 418 1927 oppido
441 1841 637 1926 praefuerat,
659 1863 744 1903 unus
757 1862 798 1902 ex
813 1841 875 1914 his,
899 1841 955 1923 qui
977 1840 1077 1925 legati
1093 1840 1135 1904 de

100 1949 184 2013 pace
208 1928 251 1991 ad
274 1927 447 1991 Caesarem
470 1935 641 2002 venerant,
674 1926 826 1988 nuncium
855 1925 899 1989 ad
927 1947 1000 1988 eum
1021 1926 1134 1990 mittit:

100 2015 165 2077 nisi
188 2013 372 2077 subsidium
394 2014 458 2077 sibi
480 2012 705 2087 submittatur,
728 2033 803 2074 sese
827 2011 949 2076 (liutius
973 2012 1135 2075 sustinere

98 2121 167 2162 non
214 2120 299 2161 osse.

143 2185 173 2247 7.
188 2121 290 2246 ΡΙΕο
314 2181 356 2246 de
378 2183 486 2246 media
507 2190 605 2246 nocte
628 2181 750 2245 Caesar
760 2182 878 2245 iisdem
889 2181 1028 2245 ducibus
1043 2203 1134 2258 usuS,

101 2269 159 2352 qui
181 2269 290 2332 nuncii
313 2268 354 2333 ab
377 2269 464 2331 Iccio
487 2277 653 2343 venerant,
676 2267 857 2333 ²Numidas
881 2275 914 2329 et
936 2266 1051 2329 Cretas
1082 2288 1134 2329 sa·

99 2355 251 2439 gittarios
264 2362 298 2417 et
308 2352 494 2417 funditores
517 2353 674 2417 Baleares
697 2353 848 2417 subsidio
873 2350 1048 2436 oppidanis
1061 2353 1133 2414 mit-

99 2441 153 2514 tit,
188 2461 329 2523 quorum
362 2439 507 2503 adventu
530 2448 562 2502 et
584 2440 695 2503 Remis
729 2460 803 2501 eum
836 2459 896 2521 spe
930 2436 1132 2501 defensionis

99 2524 246 2588 studimn
268 2525 502 2610 propugnandi
524 2525 680 2599 accessit,
710 2532 744 2587 et
770 2523 924 2586 hostibus
951 2522 1067 2585 eadem
1090 2522 1132 2586 de

100 2630 201 2673 causa
213 2631 292 2695 spes
304 2610 455 2693 potiundi
479 2610 594 2694 oppidi
618 2609 781 2672 discessit.
825 2608 940 2692 ltaque
963 2609 1132 2692 paulisper

99 2695 190 2779 apud
213 2695 372 2780 oppidum
394 2697 512 2758 morati
540 2716 705 2780 agrosque
733 2695 910 2759 Remorum
939 2694 1132 2778 depopulati

100 2781 252 2845 omnibus
274 2781 356 2845 vicis
379 2780 611 2863 aedificiisque,
634 2781 741 2863 ³quos
764 2779 855 2842 adire
877 2787 1062 2863 potuerant,
1084 2780 1131 2842 in·

99 2866 208 2928 censis
232 2865 408 2929 adcastra
431 2865 580 2929 Caesaris
605 2866 755 2929 omnibus
769 2865 873 2948 copiis
892 2863 1133 2928 contenderunt

100 2959 134 3014 et
155 2952 196 3015 ab
219 2951 350 3014 milibus
387 2972 546 3035 passuum
578 2951 684 3014 minus
715 2950 846 3014 duobus
877 2958 986 3012 castra
1011 2971 1132 3033 posue·

99 3043 189 3112 rtmt3
213 3058 298 3121 quae
322 3044 445 3111 eastra,
472 3045 510 3100 ut
537 3036 627 3098 tuma
651 3044 750 3118 atque
772 3036 902 3121 ignibus
927 3036 1132 3118 significaba-

99 3128 160 3196 tur,
182 3122 324 3206 amplius
347 3121 479 3184 milibus
502 3142 662 3206 passuum
691 3129 769 3185 octo
791 3122 825 3184 in
846 3120 1051 3184 latitudinem
1073 3141 1131 3204 pa·

99 3207 220 3271 tebant

143 3291 172 3355 8.
218 3291 341 3355 Caesar
363 3292 469 3375 primo
499 3301 532 3356 et
553 3301 691 3378 propter
718 3290 958 3355 multitudinem
985 3290 1132 3352 hostium

98 3383 133 3438 et
177 3385 292 3461 ropter
315 3376 485 3439 leximiam
508 3379 695 3461 opinionem
718 3379 847 3439 virtutis
871 3376 998 3461 proelio
1016 3396 1130 3458 super·

98 3482 135 3524 se
161 3482 216 3524 ere
250 3462 380 3537 statuit3
414 3462 561 3546 quotidie
594 3472 703 3526 tamen
736 3463 943 3546 equestribus
978 3459 1129 3543 proeliis,

98 3546 180 3632 quid
212 3547 320 3610 hostis
354 3548 475 3612 virtute
508 3558 627 3630 posset
649 3557 682 3611 et
704 3547 784 3630 quid
817 3546 922 3608 nostri
955 3544 1129 3621 auderent,
1199 3550 1204 3555 ’

96 3633 352 3716 periclitabatur.
402 3632 468 3698 Ubi
496 3642 632 3696 nostros
665 3654 733 3696 non
767 3652 841 3694 esse
874 3630 1048 3693 inferiores
1081 3631 1129 3693 in-

97 3719 233 3793 tellexit,
257 3718 351 3781 ²loco
375 3740 437 3803 pro
460 3719 578 3781 castris
590 3718 635 3781 ad
647 3719 747 3781 aciem
771 3714 995 3778 instruendam
1012 3724 1130 3779 natura

97 3811 288 3887 opportuno
312 3811 410 3886 atque
432 3802 554 3866 idoneo
580 3840 615 3850 -
642 3800 735 3886 quod
756 3801 784 3862 is
808 3800 917 3875 collis,
940 3802 996 3865 ubi
1019 3809 1129 3865 castra

97 3888 207 3971 posita
230 3895 331 3962 crant,
352 3887 523 3971 paululum
545 3909 587 3950 ex
608 3887 744 3972 planitie
777 3883 886 3950 editus
915 3893 1041 3950 tantum
1070 3885 1128 3949 ad-
