2468 4312
97 229 159 301 124
314 198 319 207 Ι
449 254 492 296 os
514 252 617 297 sesae
639 252 778 299 cretico

97 392 186 447 atres
224 396 361 468 postero
396 385 449 450 die
482 388 674 485 pabulatum
701 397 866 452 ¹venturos
903 386 1130 451 arbitraretur.

96 468 227 549 Quibus
250 474 350 536 rebus
373 472 513 556 cognitis
536 472 643 537 media
667 483 764 537 nocte
791 472 923 536 silentio
956 471 1131 558 profectus

97 553 142 621 ad
163 553 308 619 hostium
331 565 443 620 eastra
474 578 569 622 mane
600 559 760 642 pervenit.
814 557 867 621 Illi
895 557 1049 622 celeriter
1069 576 1133 640 per

98 640 327 725 exploratores
351 641 496 705 adventu
518 641 669 707 Caesaris
691 643 826 728 cognite
851 662 966 706 carros
993 642 1133 726 impedi·

97 734 273 809 menteque
306 748 368 789 sua
399 727 432 790 in
464 729 606 791 artiores
639 728 741 791 silves
775 727 985 801 abdiderunt,
1014 728 1133 891 οοὸἱιε

99 831 214 873 omnes
236 811 269 873 io
292 811 368 875 leco
390 811 482 875 edito
515 823 614 896 aterne
636 824 754 899 aperto
775 813 1012 877 instruxerunt.
1091 832 1134 876 ua

98 896 310 958 renunciata
342 895 465 961 Caesar
497 897 646 961 celeriter
679 898 825 962 sarcinas
863 896 1016 973 conferri,
1043 917 1136 961 arma

100 978 249 1127 expediri
266 980 379 1065 jussit

165 1065 194 1127 9.
240 1064 343 1130 Collis
365 1074 437 1131 erat
458 1066 575 1131 leniter
596 1068 638 1130 ab
661 1067 772 1131 infimo
794 1067 938 1132 reclivis.
982 1066 1136 1131 Huncex

101 1148 253 1213 omnibus
276 1150 345 1215 fere
369 1152 518 1236 pertibus
552 1153 651 1236 palus
683 1151 826 1217 difficilis
855 1162 956 1236 atque
976 1151 1138 1236 impedita

101 1235 262 1319 angebat,
296 1257 363 1299 non
396 1237 494 1300 latior
527 1236 669 1321 pedibus
692 1260 719 1301 n
764 1238 839 1302 Hoc
861 1258 899 1301 se
926 1238 1013 1301 colle
1035 1237 1137 1300 inter·

48 1358 54 1367 ·
102 1320 209 1403 ruptis
232 1321 391 1405 pontibus
416 1320 503 1385 Galli
525 1321 649 1385 fiducia
671 1321 737 1387 loci
758 1323 972 1386 continebant
999 1342 1138 1406 genera·

101 1405 227 1490 timque
250 1406 417 1470 distributi
450 1408 483 1470 in
516 1407 667 1470 civitates
701 1408 809 1471 omnia
843 1407 930 1471 vada
962 1428 1003 1471 ae
1028 1406 1138 1471 saltus

102 1491 176 1577 ejus
199 1490 331 1575 paludis
355 1492 454 1555 certis
477 1492 639 1555 custodiis
663 1493 865 1565 obtinebant,
888 1494 937 1557 sic
958 1493 1068 1556 animo
1080 1513 1140 1576 pa·

102 1576 174 1650 rati,
196 1586 242 1649 ut,
266 1577 294 1640 si
318 1597 388 1639 eam
412 1576 567 1661 paludem
589 1577 728 1640 Rotnani
751 1598 963 1662 perrumpere
979 1598 1141 1641 conaren-

103 1670 167 1736 tur,
189 1661 413 1725 ²haesitantes
447 1671 633 1746 premerent
665 1684 707 1725 ex
741 1663 817 1727 loce
851 1663 1039 1748 superiores
1072 1662 1141 1737 ⁸ut,

128 1747 163 1810 ui
184 1748 463 1831 propinquitatem
486 1747 550 1811 loci
574 1748 710 1823 videret,
732 1756 868 1832 paratos
892 1769 998 1833 prope
1031 1767 1141 1831 aequo

104 1768 214 1899 disrte
237 1831 280 1895 ad
303 1832 522 1896 dimicandum
534 1833 749 1906 existimarem
773 1833 828 1916 qui
840 1834 1046 1917 iniquitatem
1061 1854 1142 1897 con-

106 1916 242 1983 ditionis
265 1919 477 2001 perspiceret,
498 1919 587 1980 inani
619 1918 829 1982 simulatione
862 1940 938 1982 sese
971 1927 1142 1982 ostentare

106 2012 333 2081 cognosceret
377 2002 589 2088 Indignantes
613 2004 731 2067 milites
765 2003 897 2076 Cacsar,
934 2002 1028 2088 quod
1062 2023 1143 2067 cen·

108 2096 258 2170 spectum
280 2108 376 2149 surnn
399 2087 515 2152 hostes
539 2086 685 2172 perferre
711 2097 852 2172 possent
879 2088 1007 2152 tantulo
1031 2088 1143 2173 spatio

107 2171 289 2256 interjecto,
313 2181 346 2235 et
367 2173 496 2257 signum
518 2174 635 2259 proelii
658 2183 879 2256 exposcentes
891 2171 1020 2248 edocet,
1042 2196 1144 2260 preo-

108 2268 138 2322 to
159 2257 336 2321 detrimento
364 2269 392 2321 et
410 2270 485 2344 patet
512 2261 650 2322 virorum
673 2258 808 2345 fortiam
838 2269 935 2321 merto
965 2280 1085 2323 meae
1105 2258 1147 2321 sit

109 2353 249 2408 emutare
269 2345 445 2407 uictoriam:
560 2366 654 2428 pacm
673 2345 719 2405 sic
740 2344 845 2406 anime
862 2354 997 2427 paretes
1031 2343 1144 2417 rideat,

109 2439 143 2492 ut
163 2429 282 2492 nulline
297 2451 361 2514 pre
382 2452 440 2492 nm
473 2428 553 2490 erade
569 2429 745 2512 periodum
766 2439 910 2502 recreent,
942 2452 1082 2492 anemae
1112 2451 1146 2493 ae

110 2515 157 2577 ini
199 2516 280 2577 itatis
302 2514 500 2576 condensari
520 2513 634 2593 debm,
657 2515 720 2577 nisi
740 2535 844 2576 aarum
865 2515 961 2577 vitam
976 2513 1146 2578 eternitate

109 2598 152 2662 lte
172 2609 223 2663 eet
242 2602 402 2663 caricam
446 2598 502 2663 Sic
524 2598 643 2661 milites
665 2599 859 2662 consolatus
882 2599 1001 2662 cedern
1023 2598 1079 2662 die
1094 2619 1146 2660 rc·

113 2682 206 2748 ducit
227 2685 259 2748 in
288 2694 398 2748 eastra
429 2682 632 2767 reliquaque,
666 2705 751 2767 quae
784 2681 829 2745 ad
861 2684 1146 2770 oppugnationem

110 2770 321 2854 pertinebant
342 2768 465 2853 oppidi,
488 2767 717 2831 administrare
738 2769 887 2832 instituit.

155 2853 206 2916 2o.
252 2854 509 2938 Vercingetorix,
532 2874 633 2936 quum
656 2853 701 2916 ad
729 2875 810 2916 sues
842 2852 997 2928 redisset,
1031 2852 1147 2936 prodi-

111 2938 211 3002 tionis
233 2938 451 3013 insimulatus,
473 2938 566 3022 qued
588 2947 697 3001 castra
720 2938 858 3022 propius
881 2937 1052 3002 Romanos
1075 2960 1148 3001 mo·

112 3024 225 3091 visset.
248 3023 340 3106 <lund
362 3046 435 3087 cum
458 3024 545 3087 omni
558 3023 706 3105 equitatu
719 3022 940 3103 discessisset,
965 3022 1059 3108 qnod
1073 3024 1148 3087 sine

112 3109 248 3193 imperio
273 3120 380 3173 tantas
403 3109 519 3192 copias
542 3108 740 3191 reliquisset,
774 3107 866 3191 qued
893 3108 967 3192 ejus
991 3107 1149 3172 discessu

112 3193 250 3259 Romani
283 3201 375 3257 tanta
407 3193 656 3340 opportunitate
689 3203 723 3256 et
754 3192 921 3256 celeritate
958 3193 1148 3257 venissent:

112 3300 180 3342 nen
202 3277 285 3340 hace
313 3280 421 3342 emnia
467 3278 591 3341 ortuito
626 3287 685 3341 ant
717 3279 788 3341 sine
820 3278 962 3341 consilio
995 3277 1149 3342 accidere

113 3364 280 3448 potuisse:
313 3384 450 3449 regnum
482 3363 574 3426 illum
607 3361 734 3429 Galliac
769 3360 868 3424 malle
891 3361 1044 3425 Caesaris
1067 3384 1149 3427 con·

114 3470 213 3511 eessu
246 3470 344 3532 quam
376 3450 526 3533 ipserum
558 3447 680 3511 habere
712 3447 872 3511 beneficio
896 3482 934 3495 -
959 3447 1017 3510 tali
1043 3447 1149 3511 mode

114 3542 290 3597 accusatus
323 3533 367 3597 ad
400 3533 482 3597 haee
515 3531 703 3616 respondit:
739 3531 829 3610 Qecod
859 3542 963 3595 eastra
997 3535 1149 3614 movisset,

105 3619 229 3702 sectam
251 3620 361 3703 inopie
376 3618 498 3704 patrati,
521 3620 614 3681 diem
634 3618 712 3700 apsis
732 3616 938 3698 tortanlitm5
970 3617 1054 3702 quod
1069 3641 1151 3702 pre·

110 3704 187 3785 pius
206 3706 366 3770 Rmoaasos
387 3706 563 3784 eceeasbaet,
586 3702 787 3785 'pererratum
818 3701 879 3763 loci
1074 3705 1081 3719 '

117 3789 171 3870 qni
190 3811 222 3851 se
242 3789 345 3874 ipsum
364 3790 533 3852 menidam
552 3786 740 3874 defenderet:
828 3786 905 3847 dam
926 3808 998 3849 cere
1020 3808 1152 3872 operam

117 3874 354 3958 nepesinleeo
380 3874 519 3961 patarei
548 3870 721 3939 deaidmcri
752 3870 790 3935 de
829 3871 843 3935 .‘
870 3892 888 3935 a
915 3871 1030 3937 stillio
1047 3873 1153 3962 fnisse
