2468 4312
411 256 471 298 um.
494 256 550 299 vu
595 256 664 299 can.
690 235 824 303 14-18.
1051 235 1112 303 123

75 387 294 472 subsequitur
316 396 349 452 et
371 389 479 452 locum
503 389 620 453 eastris
648 389 763 476 deligit
789 390 968 475 paludibus
1003 393 1111 457 silvis·

74 492 142 557 que
164 475 323 537 munitum
357 476 398 539 ab
432 475 574 539 Avarico
607 475 706 561 lunge
739 476 828 541 milia
860 498 1020 561 passuum
1042 500 1110 543 xv1.

74 559 212 643 Ibiper
234 570 344 622 certos
368 559 598 643 exploratores
632 561 664 623 in
698 562 828 647 singula
861 561 925 624 diei
952 572 1111 648 tempora

77 664 165 728 quae
190 642 235 706 ad
267 644 444 709 Avaricum
477 653 663 730 agerentur,
697 648 921 732 cognoscebat
954 656 995 722 et,
1029 649 1111 732 quid

75 728 278 813 fierivellot,
309 730 499 813 imperabat.
555 729 679 794 Omnes
711 741 845 795 nostras
878 733 1110 817 pabulationes

74 813 413 898 frumentationesque
436 816 638 879 observabat
651 814 899 900 dispersosque,
924 837 1025 899 quum
1037 819 1109 882 lon-

74 900 150 984 gius
172 899 362 962 necessario
385 899 612 983 procederent,
635 899 846 964 adoriebatur
861 923 1046 986 magnoque
1060 905 1108 968 in·

76 983 252 1047 commodo
276 983 455 1060 afficiebat3
490 985 561 1060 etsi,
596 993 753 1068 quantum
785 988 912 1049 ratione
940 989 1109 1072 provideri

75 1076 216 1154 poterat,
239 1070 281 1132 ab
303 1070 427 1132 nostris
450 1071 694 1143 occurrebatur,
728 1081 765 1134 ut
786 1072 918 1135 incertis
954 1074 1108 1158 tempori-

74 1154 139 1218 bus
163 1153 372 1236 diversisque
392 1155 564 1218 itineribus
590 1156 701 1218 iretur.

121 1239 169 1303 17.
215 1238 341 1302 Castris
364 1239 407 1303 ad
430 1260 501 1303 eam
525 1247 650 1324 partem
673 1240 790 1325 oppidi
822 1243 940 1325 positis
976 1242 1106 1319 Caesar,

73 1344 162 1407 quae
184 1325 371 1388 intermissa
392 1345 413 1387 a
433 1324 565 1388 flumine
588 1333 621 1388 et
642 1346 663 1388 a
690 1326 868 1409 paludibus
902 1327 1036 1404 aditmn,
1069 1338 1108 1394 ut
1154 1360 1158 1367 ·

73 1430 177 1493 supra
200 1408 351 1481 diximus,
374 1419 547 1495 angustum
571 1409 723 1484 habebat,
749 1433 901 1497 aggerem
935 1435 1105 1498 apparare,

72 1495 188 1558 vineas
211 1516 317 1580 agere,
340 1507 448 1558 turres
472 1495 556 1558 duas
579 1497 780 1559 constituere
803 1498 928 1580 eoepit:
951 1520 1026 1561 nam
1044 1500 1106 1562 cir*

72 1580 273 1643 eumvallare
287 1580 353 1642 loci
374 1590 492 1643 natura
512 1580 719 1663 prohibebat
764 1580 814 1643 De
836 1602 872 1644 re
894 1582 1107 1647 frumentaria

72 1664 179 1749 Bojos
202 1673 302 1748 atque
324 1664 484 1728 Haeduos
507 1664 676 1728 adhortari
699 1687 766 1729 non
789 1666 930 1738 destitit:
965 1689 1104 1751 quorum

71 1749 176 1824 alteri,
200 1749 292 1832 quod
314 1749 406 1813 nullo
429 1750 541 1813 studio
564 1752 712 1836 agebant
745 1773 812 1813 non
844 1753 981 1815 multum
1010 1753 1106 1838 adju·

72 1836 204 1908 rabant,
227 1834 341 1897 ²alteri
363 1856 429 1898 non
451 1837 577 1920 magnis
605 1834 828 1912 facultatibus,
861 1837 953 1920 quod
987 1839 1103 1902 civitas

72 1934 144 1983 erat
165 1920 285 2004 exigua
307 1928 340 1983 et
360 1920 496 1996 infirma,
519 1921 678 1995 celeriter,
702 1921 792 2004 quod
808 1922 1002 1996 habuerunt,
1026 1945 1104 1987 con·

71 2015 294 2090 sumpserunt.
339 2005 495 2068 ⁸Summa
517 2005 712 2069 difficultate
723 2008 769 2069 rei
780 2006 1011 2072 frumentariae
1028 2008 1104 2072 affe·

71 2100 127 2154 cto
150 2090 296 2154 exercitu
330 2092 488 2154 tenuitate
521 2091 690 2178 Bojorum,
722 2091 924 2178 indiligentia
947 2093 1102 2158 Haeduo·

70 2196 152 2250 rum,
174 2175 334 2238 incendiis
364 2175 586 2239 aedificiorum
620 2198 727 2259 usquc
761 2199 810 2253 eo,
843 2186 881 2241 ut
914 2179 1101 2262 complures

71 2260 144 2325 dies
165 2259 330 2324 frumento
364 2261 482 2325 milites
517 2263 680 2324 caruerint
703 2270 735 2324 et
757 2284 878 2345 pecore
907 2285 949 2326 ex
974 2265 1100 2348 longin-

70 2347 243 2430 quioribus
266 2346 348 2408 vicis
372 2346 490 2409 adacto
514 2356 690 2410 extremam
719 2346 835 2411 famem
868 2357 1100 2419 sustentarent,

69 2432 162 2496 nulla
184 2439 292 2494 tamen
314 2454 382 2493 vox
405 2433 508 2494 estab
520 2432 560 2494 iis
576 2432 689 2495 audita
703 2434 819 2516 populi
842 2433 980 2496 Romani
1002 2432 1101 2518 maje-

69 2524 157 2580 state
186 2523 219 2579 et
244 2517 471 2600 superioribus
504 2517 651 2581 victoriis
684 2517 826 2602 indigna.
883 2516 971 2596 Quin
1004 2520 1100 2581 etiam

69 2601 193 2666 Cacsar
215 2622 316 2684 quum
337 2602 370 2664 in
393 2623 495 2686 opere
518 2603 665 2687 singulas
687 2602 836 2686 legiones
854 2603 1037 2687 appellaret
1060 2612 1101 2679 et,

68 2688 99 2750 si
121 2688 272 2750 acerbius
294 2687 438 2771 inopiam
460 2685 593 2762 ferrent,
625 2709 662 2750 se
686 2686 897 2751 dimissurum
931 2709 1101 2774 oppugna·

70 2773 193 2836 tionem
216 2772 348 2852 diceret,
371 2772 516 2835 universi
538 2774 580 2835 ab
599 2794 648 2846 eo,
671 2796 709 2834 ne
730 2773 766 2835 id
776 2774 905 2859 faceret,
928 2776 1100 2858 petebant:

68 2859 137 2920 ‘eie
156 2881 188 2920 ee
209 2857 379 2941 conplures
402 2880 500 2920 annos
521 2858 575 2920 illo
595 2859 767 2942 imperante
790 2863 942 2939 meantime,
976 2871 1011 2922 nt
1030 2860 1099 2922 naal·

68 2943 133 3005 lam
154 2944 358 3026 ignominiam
379 2945 558 3027 acciperent,
581 2966 733 3030 anaplum
757 2946 870 3032 insecta
902 2968 937 3007 re
969 2945 1100 3009 discede·

66 3038 151 3109 ’τηις
171 3028 228 3090 loc
248 3052 280 3090 se
300 3030 489 3111 iynominiae
510 3029 626 3090 labarae
648 3029 721 3108 loeo,
755 3031 783 3092 ai
815 3031 969 3114 inceptam
1001 3054 1100 3114 oppa»

64 3115 241 3197 pactionem
262 3114 468 3199 reliquissem,-
483 3124 648 3198 praestare
669 3136 771 3177 manea
787 3116 930 3200 perferre
947 3117 1098 3179 acerbite-

67 3209 116 3278 tea,
140 3198 255 3285 5φιιηη
275 3221 337 3261 nen
359 3200 474 3262 eioimaes
484 3200 644 3274 Rmnanie,
696 3200 854 3264 tiGenobi
870 3201 1008 3289 persidia
1021 3200 1098 3264 Gal-

67 3283 168 3345 lemnn
189 3286 363 3357 interissent,
382 3295 592 3369 parentarent.
652 3220 744 3348 [ibeo
766 3285 880 3348 eadem
903 3286 1099 3347 centurioni-

66 3368 132 3431 bus
154 3369 360 3452 tribunisque
395 3369 530 3433 militum
563 3368 771 3446 mandabant,
798 3380 836 3434 ut
868 3391 928 3453 per
962 3390 1020 3432 eos
1055 3368 1099 3432 ad

66 3452 240 3516 Caesarem
263 3452 477 3519 deferrentur.

79 3550 85 3556 '
113 3539 160 3602 18.
206 3536 315 3617 Quum
333 3540 402 3626 jam
424 3561 519 3603 muro
545 3548 653 3603 turres
687 3539 1019 3625 appropinquassent,
1057 3561 1098 3602 ex

67 3624 207 3707 captivis
230 3622 353 3687 Caesar
375 3625 539 3709 cognovit,
562 3625 865 3708 Vercingetorigem
899 3632 1097 3707 consumpto

65 3708 190 3791 pabulo
213 3718 321 3772 eastra
346 3711 491 3773 movisse
512 3711 651 3794 propius
674 3710 850 3772 Avaricum
867 3719 966 3792 atque
988 3710 1096 3794 ipsum

65 3813 139 3855 cum
162 3795 310 3876 equitatu
333 3795 572 3879 expeditisque,
597 3796 653 3878 qui
673 3795 759 3857 inter
782 3795 908 3877 equites
941 3795 1097 3878 proeliari

64 3887 292 3955 consuessent,
314 3880 506 3944 insidiarum
528 3901 630 3944 eausa
652 3901 692 3943 eo
714 3878 908 3965 profectum,
942 3902 1009 3965 quo
1038 3903 1096 3945 no·
