2468 4312
132 223 199 289 114
484 244 526 285 nr
548 241 651 285 russo
675 241 813 285 emico

136 376 208 459 quit
240 376 366 438 animus
404 375 555 440 Sextium
586 375 745 460 gravibus
778 395 856 438 acce
881 374 924 438 tis
958 374 1169 452 vulneribuse

129 481 232 546 aegre
254 483 315 546 per
336 482 453 524 manus
476 468 602 524 tractus
626 468 786 523 servatur.
871 482 912 523 oc
935 461 1045 545 spatio
1068 461 1170 525 inter·

129 547 246 630 posito
269 546 387 629 reliqui
410 567 486 608 sese
508 544 703 608 confirmant
725 552 859 618 tantum,
894 555 931 608 ut
958 545 993 608 in
1014 546 1169 610 munitio·

133 632 231 696 nibus
254 633 437 694 consistere
460 630 604 695 audeant
625 630 835 714 speciemque
847 629 1061 694 defensorum
1073 652 1169 716 prae·

133 717 241 780 beant.

130 854 133 858 .
177 802 227 864 39.
271 800 404 864 Interim
437 799 588 864 confecta
619 798 873 863 frumentatione
906 799 1025 863 milites
1060 801 1168 865 nostri

134 886 308 949 clamorem
331 884 526 959 exaudiunt3
553 893 771 968 praecurrunt
792 886 930 968 equites,
964 893 1089 967 quanto
1113 908 1167 949 res

133 971 177 1034 sit
198 972 232 1034 in
254 970 410 1055 periculo,
434 979 649 1055 cognoscunt
694 969 778 1032 ²Hic
801 991 881 1034 vero
904 969 996 1032 nulla
1029 971 1167 1035 munitio

133 1065 193 1129 est
217 1076 302 1138 quae
323 1055 518 1139 perterritos
540 1055 691 1138 recipiat:
713 1053 835 1118 ³modo
858 1054 1040 1139 conscripti
1065 1064 1167 1137 atquo

132 1162 215 1204 usus
239 1140 387 1203 militaris
410 1139 550 1222 imperiti
572 1139 617 1204 ed
640 1140 805 1204 tribunum
827 1139 965 1202 militum
999 1140 1166 1203 centurio·

131 1247 258 1309 nosque
281 1246 340 1288 ora
361 1232 574 1300 convertunt3
598 1223 678 1306 quid
701 1225 743 1289 ab
764 1224 817 1287 his
846 1225 1075 1307 praecipiatur,
1109 1247 1167 1288 ex·

133 1319 293 1394 spectant.
339 1310 444 1374 Nemo
468 1315 520 1373 est
542 1317 607 1372 tam
630 1307 736 1384 fortis,
761 1310 840 1391 quin
862 1309 910 1373 rei
932 1309 1078 1373 novitate
1091 1331 1166 1394 per-

132 1397 291 1458 turbetur.
334 1393 473 1459 Barbari
496 1394 589 1478 signa
610 1394 730 1477 procul
745 1393 927 1477 conspicati
945 1395 1166 1479 oppugnatio-

131 1502 173 1543 ne
207 1479 387 1552 desistunt3
422 1478 551 1542 redisse
584 1479 690 1562 primo
713 1479 860 1563 legiones
893 1477 1041 1555 credunt,
1079 1501 1165 1563 quas

131 1565 263 1649 longius
293 1563 491 1627 discessisse
523 1583 564 1626 ex
599 1563 739 1647 captivis
773 1575 1011 1648 cognoverant;
1044 1576 1167 1647 postea

132 1649 291 1734 despecta
302 1649 466 1732 paucitate
478 1670 520 1711 ex
531 1649 683 1712 omnibus
695 1649 845 1732 partibus
857 1649 1014 1731 impetum
1029 1647 1164 1713 faciunt

174 1735 224 1799 40.
271 1733 412 1797 Calones
424 1734 457 1796 in
469 1733 654 1818 proximum
666 1732 827 1795 tumulum
849 1743 1064 1816 procurrunt;
1086 1732 1165 1797 hine

131 1819 280 1882 celeriter
303 1817 424 1904 dejecti
446 1839 483 1881 se
505 1818 538 1881 in
561 1817 656 1902 signa
680 1818 933 1964 manipulosque
968 1817 1164 1902 conjiciunt3

132 1925 171 1966 eo
195 1905 297 1988 magis
310 1901 444 1965 timidos
456 1911 641 1986 perterrent
662 1902 791 1965 milites.
836 1902 884 1965 ¹A
899 1902 929 1976 ii,
952 1923 1057 1966 cuneo
1073 1901 1164 1967 facto

52 2062 56 2067 ¹
131 1996 169 2051 ut
191 1989 341 2051 celeriter
363 1995 586 2072 perrumpant,
608 1997 753 2061 censent,
776 1989 931 2070 quoniam
946 1995 1011 2050 tam
1027 1988 1163 2072 propin·

132 2093 200 2154 qua
220 2074 286 2135 sint
308 2080 425 2145 castra,
450 2080 483 2134 et
504 2072 534 2134 si
555 2093 633 2155 pars
658 2071 769 2156 aliqua
791 2072 1012 2135 circumventa
1034 2071 1163 2137 cecide·

130 2158 182 2232 rit,
205 2157 260 2220 ²at
281 2156 429 2239 reliquos
458 2157 584 2221 servari
616 2178 719 2240 posse
752 2156 939 2226 confidunt:
972 2157 1035 2232 alii,
1063 2165 1101 2221 ut
1127 2157 1164 2221 in

135 2242 209 2327 'ugo
234 2241 417 2306 consistant
444 2250 544 2323 etque
578 2241 718 2305 eundem
751 2263 866 2305 omnes
898 2239 1005 2305 ferant
1038 2263 1162 2307 casum.

125 2265 205 2390 lloc
227 2336 358 2391 veteres
380 2347 449 2389 non
469 2327 613 2410 probant
634 2326 762 2400 milites
786 2348 872 2410 quos
885 2327 949 2391 sub
961 2326 1084 2390 vexillo
1096 2349 1163 2390 una

154 2411 299 2475 rofectos
327 2409 509 2475 docuimus.
554 2411 668 2494 ltaque
690 2411 774 2474 inter
807 2433 844 2475 se
877 2411 1042 2475 cohortati
1076 2410 1163 2476 duce

129 2433 165 2560 E.
188 2496 367 2569 Trebonio,
390 2495 499 2578 equite
522 2494 681 2569 Romano,
704 2496 760 2578 qui
783 2496 830 2558 eis
853 2504 924 2565 erat
939 2517 1017 2580 prae
1043 2496 1162 2572 ositus‚

128 2602 190 2665 per
211 2581 340 2645 medios
363 2579 480 2644 hostes
502 2589 719 2664 perrumpunt
740 2579 987 2662 incolumesque
1001 2517 1046 2644 ab
1059 2603 1161 2645 unum

130 2686 243 2729 omnes
267 2667 301 2729 in
323 2672 433 2729 castra
454 2666 656 2748 perveniunt.
702 2664 796 2728 3Ηοε
823 2666 993 2729 subsecuti
1024 2665 1161 2730 calones

130 2752 324 2834 equitesque
347 2750 464 2814 eodem
496 2751 621 2835 impetu
651 2749 790 2815 militum
822 2750 942 2814 virtute
976 2760 1161 2816 serventur.

119 2835 175 2899 -At
194 2837 226 2910 ii,
249 2834 360 2917 quiin
378 2834 462 2920 jugo
484 2835 709 2910 constiterant,
742 2835 855 2899 *nullo
890 2834 1074 2899 etiamnunc
1095 2857 1161 2899 usu

127 2920 176 2983 rei
198 2919 346 2982 militaris
371 2928 538 3003 percepto,
559 2939 668 3002 neque
689 2921 723 2983 in
745 2941 795 2992 eo,
818 2919 911 3002 quod
927 2921 1161 3002 probaverant,

129 3005 268 3067 consilio
291 3025 491 3087 permanere,
513 3004 570 3067 ⁶ut
592 3026 629 3067 se
650 3004 727 3067 loco
751 3004 923 3088 superiore
934 3002 1160 3080 defenderent,

127 3110 235 3172 neque
258 3109 338 3161 eam,
373 3108 470 3171 quam
492 3088 656 3171 prodesse
688 3089 760 3153 aliis
794 3089 861 3153 vim
893 3089 1162 3172 celeritatemque

118 3173 288 3245 siderant,
309 3173 429 3236 imitari
450 3181 638 3258 potuerunt,
661 3171 723 3241 sed
745 3195 782 3239 se
804 3174 838 3236 in
870 3184 980 3243 castra
1011 3175 1161 3259 recipere

118 3260 238 3323 >conati
259 3258 404 3340 iniquum
416 3258 572 3321 inlocum
594 3256 804 3321 demiserunt
827 3256 1059 3334 Centuriones,
1075 3279 1160 3344 quo·

127 3366 201 3408 rum
221 3342 371 3407 nonnulli
394 3364 438 3407 ex
457 3341 668 3407 inferioribus
691 3341 863 3431 ordinibus
885 3343 1094 3428 reliquarum.
1112 3343 1161 3417 le·

126 3429 259 3527 gionum
283 3428 412 3492 virtutis
436 3447 538 3491 causa
559 3429 593 3491 in
615 3428 805 3511 superiores
828 3436 921 3491 erent
942 3428 1075 3493 ordines
1098 3427 1166 3495 hu·-

121 3533 179 3598 Jus
201 3513 342 3598 legionis
365 3511 516 3586 traducti,
538 3533 580 3575 ne
602 3524 678 3575 ente
700 3524 827 3596 partam
848 3512 897 3575 rei
918 3512 1066 3577 militaris
1088 3512 1161 3579 lau·

128 3598 202 3661 dem
225 3598 418 3671 amitterent,
440 3595 619 3659 fortissime
642 3606 828 3681 pugnantes
850 3595 1073 3661 conciderunt
1097 3597 1160 3661 Mi-

125 3681 219 3745 litum
241 3704 320 3765 pers
343 3681 460 3744 horum
484 3682 604 3745 virtute
637 3682 801 3747 submotis
833 3679 989 3747 hostibus
1027 3692 1160 3765 praeter

127 3787 221 3849 spem
242 3767 415 3829 incolumis
438 3767 473 3829 in
494 3774 604 3829 castra
625 3766 784 3850 pervenit,
807 3767 1081 3849 parsabarbaris
1098 3769 1160 3831 cir-

114 3863 300 3915 cumventa
320 3851 425 3934 periit.
