2468 4312
97 197 139 262 40
453 219 495 261 ns
517 219 620 262 annno
643 219 780 263 cantico

98 360 244 415 extrema
266 372 327 436 spe
349 350 466 414 salutis
488 359 611 414 tantam
634 351 786 414 virtutem
804 351 1053 436 praestiterunt,
1082 357 1127 427 ut,

98 458 197 520 quum
220 437 316 521 primi
338 457 451 499 eorum
473 435 680 511 cecidissent,
703 437 844 519 proximi
867 437 1055 521 jacentibus
1082 438 1130 500 in·

98 522 254 585 sisterent
274 529 374 605 atque
397 543 438 584 ex
452 541 575 584 eorum
602 521 799 605 corporibus
827 530 1026 606 pugnarent3
1055 522 1128 585 ²his

98 606 234 690 dejectis
259 614 291 669 et
321 606 524 669 coacervatis
553 605 784 680 cadaveribuS,
814 607 870 690 qui
899 614 1128 690 superessent,

96 700 135 754 ut
157 713 199 754 ex
221 691 362 754 tumulo.
390 691 457 753 tela
484 691 518 752 in
546 698 682 753 nostros
706 690 907 788 conjicerent
936 701 969 753 et
991 691 1058 775 pila
1080 692 1128 754 iu·

97 784 245 860 tercepta
266 776 483 838 remitterent:
507 774 565 838 iut
586 796 654 839 non
680 796 898 858 nequicquam
925 783 1035 839 tantae
1065 776 1129 839 vir·

96 863 177 924 tutis
200 860 349 923 homines
367 859 511 944 judicari
534 859 671 924 deberet
692 881 794 923 ausos
819 882 893 924 esso
920 861 1060 924 transire
1082 861 1129 922 la-

97 946 258 1008 tissimum
291 943 425 1016 flumen,
459 944 641 1008 ascendere
671 945 849 1008 altissimas
878 946 983 1029 ripas,
1017 944 1130 1008 subire

97 1029 335 1113 iniquissimum
357 1029 481 1093 locum:
505 1050 589 1113 quae
611 1028 720 1094 facilia
742 1051 784 1092 ex
807 1028 1006 1093 difficillimis
1033 1030 1129 1092 animi

96 1114 287 1200 magnitudo
310 1113 491 1199 redegerat.
982 1154 986 1163 ·

141 1199 190 1265 28.
235 1199 309 1262 Hoc
334 1199 462 1283 proelio
491 1199 580 1262 facto
610 1207 643 1263 et
670 1220 777 1283 prope
805 1199 848 1262 ad
876 1199 1129 1263 internecionem

98 1284 214 1370 ¹gente
237 1305 276 1348 ac
303 1284 433 1348 nomine
460 1285 658 1349 Nerviorum
689 1284 825 1348 redacto
846 1285 1001 1366 majores
1034 1293 1128 1357 natu,

98 1391 184 1454 quos
217 1390 283 1432 una
316 1391 390 1432 oum
422 1370 533 1452 pueris
557 1369 814 1452 midieribusque
841 1369 875 1432 in
904 1369 1068 1432 aestuaria
1090 1389 1129 1432 ac

97 1453 238 1538 paludes
251 1454 412 1517 collectos
427 1454 623 1527 dixeramus,
645 1453 709 1516 hac
730 1475 842 1537 puffna
853 1455 1014 1529 nunciata,
1028 1475 1129 1538 quum

97 1539 278 1602 victoribus
301 1539 382 1601 nihil
404 1538 604 1622 impeditum,
627 1539 722 1602 victis
746 1503 827 1601 nihil
856 1548 961 1602 tutum
990 1539 1129 1602 arbitra-

96 1632 218 1699 rentur,
241 1625 393 1698 omnium,
416 1625 472 1706 qui
495 1632 703 1708 supererant,
733 1644 898 1686 consensu
926 1625 1055 1708 legatos
1085 1621 1130 1686 ad

98 1708 271 1773 Caesarem
292 1710 450 1771 miserunt
472 1730 575 1792 seque
598 1709 627 1771 ei
654 1707 852 1771 dediderunt
875 1716 907 1771 et
934 1710 967 1772 in
989 1729 1130 1772 comme·

97 1792 257 1857 moranda
280 1793 420 1856 civitatis
444 1792 627 1856 calamitate
651 1815 693 1856 ex
715 1794 879 1857 sexcentis
892 1793 936 1856 ad
951 1802 1019 1856 tres
1036 1814 1130 1856 sena·

98 1887 197 1953 tores,
222 1900 264 1940 ex
285 1877 453 1941 hominum
474 1879 605 1941 milibus
629 1900 672 1940 nx
694 1879 751 1941 vix
774 1878 818 1942 ad
840 1879 1046 1962 quingentos,
1073 1878 1130 1961 qui

98 1984 188 2026 arma
208 1961 294 2025 ferre
316 1970 464 2046 possent,
488 1984 562 2026 sese
584 1962 739 2026 redactos
753 1984 827 2026 esse
844 1963 1004 2026 dixerunt.
1035 1961 1129 2041 Quos

99 2047 229 2122 Caesar,
253 2047 310 2110 ²ut
332 2048 365 2110 in
386 2049 525 2111 miseros
549 2069 588 2110 ac
611 2048 780 2131 supplices
803 2070 886 2111 usus
903 2046 1130 2110 misericordia

97 2132 274 2207 videretur,
299 2131 546 2216 diligentissime
569 2133 779 2196 conservavit
802 2133 937 2215 suisque
948 2132 1068 2195 linibus
1082 2140 1129 2194 at·

99 2239 164 2302 que
187 2215 319 2301 oppidis
343 2218 390 2280 uti
407 2218 511 2302 jussit
534 2225 567 2280 et
588 2217 732 2280 finitimis
755 2218 936 2301 imperavit,
959 2226 996 2280 ut
1018 2218 1059 2280 ab
1082 2217 1129 2289 in-‚

93 2303 181 2388 juria
204 2311 236 2365 et
258 2301 417 2365 maleficio
441 2322 478 2366 se
501 2323 648 2387 suosque
671 2302 893 2386 prohiberent.

142 2387 191 2450 29.
236 2386 416 2461 Aduatuci,
440 2386 483 2450 de
506 2388 627 2472 quibus
651 2408 754 2470 supra
786 2388 994 2471 scripsimuS,
1029 2407 1128 2470 quum

98 2472 250 2535 omnibus
285 2472 389 2555 copiis
424 2472 546 2535 auxilio
580 2472 710 2537 Nerviis
744 2473 900 2547 venirent,
935 2472 996 2534 hac
1018 2493 1130 2556 pugna

97 2556 251 2618 nunciata
273 2577 315 2618 ex
336 2557 450 2620 itinere
473 2555 606 2620 domum
627 2564 847 2631 reverterunt3
885 2559 1011 2620 cunctis
1035 2557 1129 2640 oppi-

99 2639 151 2703 dis
175 2640 387 2724 castellisque
410 2640 551 2704 desertis
575 2663 636 2704 sua
658 2642 767 2704 omnia
787 2643 821 2704 in
843 2663 943 2704 unum
970 2641 1128 2725 oppidum

99 2725 228 2809 egregie
250 2733 367 2788 natura
388 2727 546 2790 munitum
569 2727 786 2789 contulerunt.
832 2725 953 2805 ¹Quod
976 2748 1075 2810 quum
1089 2748 1130 2789 ex

99 2810 250 2872 omnibus
283 2810 317 2873 in
351 2811 487 2874 circuitu
513 2811 663 2895 partibus
686 2811 862 2874 altissimas
884 2832 985 2894 rupes
1010 2810 1128 2894 despe-

98 2902 238 2977 ctusque
260 2894 405 2970 haberet,
431 2917 497 2959 una
520 2918 561 2959 ex
589 2905 683 2980 parte
710 2896 826 2959 leniter
855 2895 988 2958 acclivis
1018 2896 1127 2959 aditus

98 2979 132 3042 in
153 2978 357 3043 latitudinem
378 3002 446 3045 non
468 2981 608 3065 amplius
636 2980 852 3044 ducentorum
881 2980 1003 3064 pedum
1031 2980 1128 3043 relin-

99 3064 275 3147 quebatur3
300 3085 397 3148 quem
418 3066 529 3130 locum
551 3065 675 3150 duplici
697 3066 857 3129 altissimo
886 3086 979 3127 muro
1007 3065 1128 3127 munic·

97 3157 182 3224 rant,
208 3158 279 3212 tum
308 3151 415 3234 magni
443 3149 602 3234 ponderis
633 3171 715 3213 saxa
744 3159 776 3213 et
820 3160 992 3213 raeacutas
1016 3151 1127 3213 trabes

98 3233 132 3296 in
153 3254 246 3297 muro
270 3235 487 3299 collocabant.
531 3236 600 3319 lpsi
623 3243 716 3298 erant
738 3257 780 3298 ex
796 3173 934 3299 Eimbris
951 3233 1128 3298 Teutonis·

99 3339 163 3402 que
184 3320 346 3403 prognati,
380 3321 445 3403 qui,
474 3326 574 3404 quum
601 3320 664 3383 iter
691 3321 724 3382 in
753 3321 955 3404 provinciam
980 3328 1127 3382 nostram

98 3411 198 3486 atque
220 3404 346 3469 Italiam
373 3404 527 3481 facerent,
554 3407 595 3468 iis
623 3405 872 3488 impedimentis,
901 3425 986 3487 quac
1015 3426 1127 3466 secum

98 3508 195 3573 agere
217 3508 256 3551 ac
277 3500 411 3573 portare
434 3512 501 3553 non
525 3498 688 3574 poterant,
718 3491 800 3554 citra
827 3489 947 3554 flumen
975 3489 1126 3552 Rhenum

99 3572 261 3656 depositis
284 3574 490 3639 ²custodiam
512 3597 553 3638 ex
576 3576 646 3639 suis
669 3595 707 3637 ac
733 3576 934 3659 praesidium
956 3596 1018 3637 sex
1039 3575 1128 3637 milia

97 3656 266 3722 hominum
297 3681 363 3723 una
394 3661 605 3745 reliquerunt.
660 3659 725 3722 ³Hj
758 3671 837 3744 post
865 3680 978 3723 eorum
1001 3659 1127 3722 obitum

97 3740 220 3805 multos
243 3765 347 3808 annos
370 3766 391 3808 a
412 3745 554 3808 finitimis
583 3744 736 3829 exagitati
766 3766 865 3829 quum
893 3744 976 3807 alias
1004 3745 1127 3808 bellum

97 3823 261 3902 inferrent,
295 3830 376 3893 alias
408 3831 536 3895 illatum
569 3828 793 3908 defenderent,
826 3849 991 3896 consensu
1014 3850 1127 3895 eorum
