2468 4312
102 212 123 275 6
458 234 500 276 ne
523 231 625 275 nunno
649 230 786 275 onorico
889 292 892 297 ἡ

102 385 140 427 se
163 383 289 448 suaque
312 365 353 428 ab
376 364 416 428 iis
447 362 624 430 defendere
652 389 720 430 non
746 371 901 450 possent,
934 366 1063 451 legatos
1093 367 1137 432 ad

103 447 277 512 Caesarem
302 451 435 512 mittunt
455 461 606 536 rogatum
630 452 800 515 auxilium:
824 450 886 514 ¹ita
908 474 939 513 se
960 454 1045 514 omni
1065 462 1137 516 tem·

96 555 177 619 pore
199 533 236 596 de
252 534 371 620 popolo
393 537 536 598 Romano
563 539 686 600 mattos
714 560 787 616 esse,
816 546 851 597 ut
871 558 975 618 paene
1003 538 1037 599 in
1065 559 1137 601 eoo-

100 629 203 703 spcetu
225 619 393 683 ²cxercibn
413 622 510 683 nostri
531 624 603 704 apri
623 623 748 702 costori,
772 621 861 684 liberi
883 621 1008 683 ³eorum
1021 623 1059 685 e'n
1072 646 1136 686 ser·

101 705 223 767 vitutem
245 705 370 785 abduci,
399 726 439 790 op
463 705 518 768 ida
546 708 720 790 expugnari
755 728 817 768 oon
838 704 1024 769 ⁴detueriet.
1068 707 1137 771 Eo·

102 787 178 852 dem
210 797 359 874 tempore
393 789 406 828 ⁵
447 790 544 855 aedui
576 791 742 866 Ambarri,
776 790 974 853 ⁰necessarii
1003 799 1036 854 et
1058 813 1136 855 con·

102 874 272 959 sanguinei
294 875 517 951 Haeduorum,
541 874 715 939 Caesarem
726 877 898 939 certiorem
909 874 1042 950 faciunt,
1060 897 1136 940 sese

103 957 314 1042 depopulatis
338 961 425 1045 agris
448 982 516 1023 non
537 958 633 1024 facile
662 962 703 1024 ab
732 960 865 1045 oppidis
894 960 960 1021 vim
988 959 1137 1024 hostium

102 1044 288 1127 prohibere.
331 1044 414 1109 Item
436 1045 648 1130 Allobroges,
673 1046 728 1129 qui
750 1054 842 1108 trans
864 1043 1065 1108 Rhodanum
1088 1045 1136 1108 vi-

103 1149 161 1190 cos
184 1130 484 1213 possessionesque
506 1130 685 1205 habebant,
718 1129 797 1214 fuga
830 1151 866 1191 se
895 1128 939 1192 ad
961 1127 1136 1193 Caesarem

102 1213 265 1296 recipiunt
288 1223 320 1276 et
343 1213 578 1289 demonstrant,
602 1215 665 1278 sibi
686 1223 818 1298 praeter
840 1213 929 1297 ⁷agri
957 1213 1066 1276 solum
1087 1215 1135 1277 ni-

102 1296 149 1360 hil
176 1320 250 1360 esse
272 1299 398 1381 reliqui.
444 1297 573 1376 Quibus
595 1300 696 1362 rebus
720 1298 885 1362 adductus
916 1296 1039 1361 Caesar
1067 1320 1135 1362 non

104 1382 365 1465 exspectandum
388 1384 450 1445 sibi
473 1384 616 1457 ⁸statuit
641 1383 718 1447 dum
741 1383 892 1446 omnibus
915 1381 1057 1445 fortunis
1080 1404 1136 1445 so-

103 1468 227 1530 ciorum
266 1468 471 1552 consumptis
509 1468 543 1532 in
582 1468 770 1532 ⁹Santonos
807 1467 951 1531 Helvetii
985 1469 1136 1551 perveni·

102 1559 183 1615 rent.

148 1676 196 1740 12.
242 1677 397 1742 ¹Flumen
416 1688 467 1742 est
484 1678 576 1753 Arar,
600 1679 691 1762 quod
712 1701 772 1763 per
795 1679 896 1742 ²fines
919 1677 1135 1741 Haeduorum

103 1770 135 1824 et
158 1761 386 1845 Sequanorum
408 1765 442 1826 in
464 1763 663 1827 Rhodanum
690 1764 809 1839 influit,
842 1763 1027 1827 incredibili
1053 1763 1134 1826 leni·

101 1852 177 1921 tate,
200 1847 246 1909 ita
268 1855 304 1910 ut
328 1849 442 1922 oculis,
464 1849 498 1911 in
519 1856 626 1911 utram
649 1858 775 1933 partem
797 1847 885 1923 fluat,
904 1847 1047 1933 judicari
1066 1869 1135 1910 non

101 1932 219 2014 possit.
261 1931 302 1995 ld
325 1933 468 1995 Helvetii
494 1933 639 1997 ³ratibus
663 1955 701 1996 ac
723 1934 875 1996 lintribus
883 1933 1008 2019 junctis
1028 1939 1134 1995 trans-

100 2015 199 2079 ibant.
244 2015 309 2080 Ubi
330 2038 390 2100 per
413 2017 642 2100 exploratores
667 2017 787 2081 Caesar
811 2019 931 2081 certior
951 2016 1059 2080 factus
1073 2025 1134 2091 est,

102 2107 170 2162 tres
203 2101 273 2184 jam
305 2109 417 2185 partes
453 2102 620 2248 copiarum
653 2102 825 2165 Helvetios
848 2102 884 2165 id
906 2101 1026 2164 flumen
1047 2102 1134 2163 ⁴tra·

102 2183 253 2259 duxisse,
291 2195 440 2269 quartam
468 2185 555 2249 ⁵ere
584 2198 711 2271 partem
746 2188 827 2250 citra
855 2185 976 2249 flumen
1003 2186 1158 2249 Ararim·

100 2270 260 2352 reliquam
286 2292 370 2344 esse,
393 2271 456 2335 ⁷de
478 2273 575 2335 tertia
596 2272 706 2357 vigilia
729 2294 801 2335 cum
824 2272 1009 2355 legionibus
1025 2270 1132 2332 tribus

102 2375 119 2417 e
143 2357 260 2417 castris
284 2354 453 2439 profectus
477 2356 520 2419 ad
544 2378 614 2420 eam
635 2366 762 2440 partem
773 2357 930 2440 pervenit
955 2376 1133 2438 quaenon·

101 2437 179 2503 dum
203 2438 321 2503 flumen
344 2442 525 2504 transierat.
570 2441 640 2504 Eos
669 2441 845 2564 impeditos
874 2450 907 2503 et
943 2440 1132 2523 8inopinan-

100 2530 151 2586 tes
175 2545 351 2608 aggressus
378 2546 528 2610 magnam
554 2538 682 2609 partem
730 2547 841 2589 eorum
871 2525 1028 2588 concidit:
1057 2523 1131 2586 reli-

101 2608 157 2690 qui
181 2629 255 2671 sese
282 2606 379 2694 fugae
408 2609 604 2672 mandarunt
637 2619 736 2693 atque
764 2612 797 2673 in
849 2611 993 2672 roximas
1027 2608 1130 2670 silvas
1211 2614 1214 2621 '

100 2692 306 2756 abdiderunt.
350 2695 384 2756 Is
407 2694 434 2733 ¹⁰
442 2716 547 2779 pagus
571 2695 801 2779 appellabatur
823 2632 1017 2778 ll'igurinus3
1055 2714 1131 2754 nam

100 2779 205 2840 omnis
229 2779 344 2840 civitas
367 2778 519 2842 Helvetia
540 2780 575 2841 in
598 2788 753 2861 quattuor
781 2799 886 2863 pagos
926 2777 1033 2840 divisa
1069 2784 1129 2840 est.

99 2860 163 2924 Hic
185 2883 292 2945 pagus
315 2885 410 2937 unus
435 2885 535 2946 quum
559 2862 658 2926 domo
683 2865 814 2937 exisset,
844 2871 975 2946 patrum
997 2869 1132 2924 nostro·

97 2967 171 3008 rum
192 2947 348 3009 memoria
370 2947 406 3010 L.
430 2946 580 3010 Cassium
603 2949 771 3011 consulem
793 2945 1000 3010 interfecerat
1012 2953 1045 3008 et
1057 2946 1129 3029 ejus

99 3031 277 3093 exercitum
301 3032 363 3094 sub
381 3032 499 3116 jugum
521 3032 662 3095 miserat.
706 3033 757 3095 Ita
780 3033 850 3095 sive
872 3053 952 3094 casu
969 3031 1039 3093 sive
1052 3051 1129 3092 con·

99 3114 173 3177 silio
197 3115 334 3179 deorum
356 3116 594 3189 immortalium,
618 3138 702 3200 quae
731 3137 809 3201 pars
838 3116 978 3179 civitatis
1008 3113 1130 3177 Helve-

99 3198 162 3263 tiae
184 3200 344 3285 insignem
378 3200 594 3263 calamitatem
626 3201 753 3285 populo
786 3199 936 3262 Romano
959 3199 1129 3272 intulerat,

98 3305 136 3346 ea
159 3283 347 3368 1²princeps
369 3306 494 3368 poenas
517 3285 687 3368 persolvit.
732 3283 806 3363 Qua
827 3285 861 3346 in
877 3306 913 3346 re
926 3282 1047 3346 Caesar
1062 3305 1130 3345 non

98 3368 206 3431 solum
229 3369 420 3452 “publicas
444 3370 504 3432 sed
528 3370 624 3432 etiarn
645 3371 792 3453 privatas
810 3370 945 3452 injurias
964 3369 1054 3431 ultus
1069 3377 1128 3441 est,

98 3454 190 3536 quod
213 3453 285 3536 ejus
309 3455 415 3517 soceri
437 3455 473 3517 L.
495 3455 627 3517 Pisonis
657 3476 768 3527 avum,
797 3453 833 3515 L.
856 3454 1011 3516 Pisonem
1040 3453 1129 3536 lega-

97 3546 175 3610 tum,
198 3536 347 3623 Tigurini
370 3539 487 3602 eodem
509 3539 653 3624 proelio,
677 3560 743 3623 quo
768 3535 933 3613 Cassium,
956 3533 1129 3601 interfece-

96 3631 180 3686 rant.

142 3748 190 3811 13.
235 3748 309 3812 Hoc
332 3751 459 3834 proelio
482 3749 570 3813 facto
593 3749 738 3832 reliquas
763 3749 876 3834 copias
900 3748 1129 3812 Helvetiorum

96 3842 133 3897 ut
156 3837 314 3920 consequi
335 3844 460 3922 posset,
484 3835 638 3919 ¹pontem
660 3834 693 3898 in
715 3835 819 3898 Arare
834 3833 1018 3898 faciendum
1035 3840 1129 3896 curat
