2468 4312
130 231 171 298 32
484 253 527 294 nr
549 253 651 294 sauro
675 253 813 298 onurioo

129 407 247 450 versus
270 385 303 449 in
324 386 528 451 latitudinem
551 389 701 471 patebat,
732 394 889 471 quantum
917 385 981 449 loci
1005 386 1091 451 acies
1113 386 1163 452 in·

130 480 257 536 structa
280 493 443 556 occupare
465 481 605 556 poterat,
629 482 728 556 atque
752 496 793 537 ex
815 480 954 553 utraque
965 482 1059 556 parte
1082 473 1163 537 late·

128 560 176 622 ris
200 557 349 642 dejectus
378 558 522 621 habebat
551 568 585 621 et
612 559 646 621 in
672 558 813 622 frontem
841 558 958 620 leniter
986 557 1162 639 fastigatus

128 642 287 728 paulatim
309 642 353 706 ad
375 644 543 727 planitiem
564 643 695 708 redibat
720 682 774 719 ·-‚
804 643 865 705 3ab
895 652 1037 727 utroque
1059 639 1163 708 latere

130 730 202 814 ejus
226 728 321 791 collis
355 736 578 792 transversam
605 728 731 792 fossam
759 728 901 792 obduxit
929 729 1057 792 circiter
1085 750 1162 814 pas-

130 835 226 877 suum
249 813 561 898 quadringentorum
586 824 619 878 et
641 815 685 878 ad
707 822 871 878 extremas
893 811 1005 877 fossas
1025 815 1162 878 castella

131 899 302 963 constituit
323 900 434 981 ibique
457 907 620 962 tormenta
643 900 828 973 collocavit,
850 921 906 974 ne,
930 921 1030 982 quum
1060 901 1162 962 aciem

130 985 351 1059 instruxisset,
374 984 500 1060 hostes
524 985 615 1067 quod
636 993 763 1048 tantum
779 984 987 1047 multitudine
999 992 1162 1068 poterant,

131 1071 172 1133 ab
195 1069 354 1133 lateribus
377 1078 561 1153 pugnantes
575 1092 655 1133 suos
668 1071 900 1134 circumvenire
916 1078 1063 1154 possent.
1086 1070 1162 1133 Hoc

130 1153 219 1218 facto
243 1153 371 1218 duabus
394 1155 593 1239 legionibus,
627 1177 709 1239 quas
732 1156 880 1239 proxime
904 1156 1161 1238 conscripserat,

130 1241 165 1304 in
188 1241 306 1303 castris
328 1241 460 1314 relictis,
482 1242 548 1315 ‘ut
572 1242 600 1303 si
624 1263 689 1323 quo
703 1263 787 1325 opus
801 1247 898 1314 esset,
923 1240 1071 1303 subsidio
1086 1240 1161 1303 duci

130 1335 279 1410 possent,
301 1327 445 1408 reliquas
468 1347 529 1388 sex
550 1326 697 1411 legiones
720 1348 782 1409 pro
806 1326 923 1389 castris
945 1327 979 1388 in
1002 1327 1071 1388 acie
1084 1347 1161 1388 con-

132 1412 246 1474 stituit.
291 1410 417 1474 Hostes
440 1412 518 1474 item
552 1433 630 1474 suas
664 1413 777 1495 copias
812 1433 854 1474 ex
882 1412 999 1474 castris
1024 1410 1161 1474 eductas

130 1497 361 1560 instruxerant.

176 1582 204 1645 9.
248 1581 349 1646 Palus
374 1590 444 1644 erat
465 1604 532 1644 non
554 1603 671 1667 magna
691 1583 776 1646 inter
798 1590 949 1645 nostrum
972 1590 1070 1665 atque
1099 1583 1160 1645 ho-

132 1668 229 1730 stium
253 1669 439 1730 exercitum.
494 1667 589 1732 Hane
623 1670 650 1730 si
683 1669 789 1731 nostri
820 1668 1011 1741 transirent,
1044 1668 1161 1732 hostes

133 1753 532 1836 ¹exspeotabant3nost1i
556 1763 672 1829 autem,
695 1755 724 1816 si
751 1755 792 1817 ab
820 1754 885 1816 illis
907 1753 1032 1815 initium
1054 1761 1161 1818 trans-

133 1839 232 1902 eundi
269 1839 375 1914 lieret,
397 1847 435 1901 ut
455 1839 632 1922 impeditos
656 1839 920 1924 aggrederenttu,
942 1840 1048 1923 parati
1063 1841 1096 1902 in
1112 1862 1162 1903 ar·

132 1925 194 1987 mis
219 1934 318 1987 erant.
363 1925 495 1987 Interim
518 1927 645 2009 proelio
675 1925 820 2007 equestri
847 1924 930 1986 inter
960 1924 1043 1987 duas
1073 1928 1161 1989 acies

134 2009 403 2074 contendebatur.
447 2009 512 2073 Ubi
533 2012 639 2073 neutri
669 2009 860 2073 transeundi
882 2009 1007 2071 initium
1029 2009 1161 2086 faciunt,

133 2095 351 2158 ²secundiore
385 2096 529 2177 equitum
561 2096 689 2181 proelio
722 2095 846 2157 nostris
881 2093 1002 2158 Cacsar
1026 2117 1105 2158 suos
1129 2098 1163 2159 in

133 2189 243 2244 castra
264 2180 404 2243 reduxit.
448 2180 574 2244 Hostes
597 2182 748 2265 protinus
772 2181 833 2242 ³ex
857 2201 896 2242 eo
926 2181 1001 2243 loco
1031 2180 1075 2244 ad
1103 2181 1162 2244 llu-

132 2288 207 2334 men
228 2266 380 2329 Axonam
403 2267 650 2341 contenderunt,
674 2264 765 2349 quod
788 2287 862 2328 esse
885 2274 964 2348 post
979 2275 1094 2329 nostra
1110 2288 1162 2330 ca-

134 2360 204 2415 stra
227 2351 486 2414 demonstrabun
509 2362 567 2416 est.
612 2353 661 2416 Ibi
683 2351 778 2414 vadis
790 2353 930 2434 repertis
945 2360 1072 2435 partem
1088 2373 1162 2415 sua-

133 2459 205 2500 rum
228 2439 395 2521 copiarum
417 2438 590 2501 traducere
613 2439 722 2502 conati
745 2444 835 2510 sunt,
865 2457 904 2499 eo
935 2438 1087 2514 consilio,
1110 2446 1161 2512 ut,

134 2524 163 2585 si
184 2532 338 2607 possent,
373 2523 558 2599 castellum,
592 2525 642 2586 cui
676 2529 827 2606 praeerat
850 2520 990 2600 Quintus
1014 2521 1161 2585 Titurius

133 2608 278 2693 legatuS,
313 2618 538 2694 expugnarent
570 2617 770 2693 pontemque
792 2607 1079 2670 interscinderent:
1112 2609 1162 2670 ⁴si

133 2696 239 2756 minus
262 2695 463 2777 potuissent,
493 2716 592 2779 agros
621 2695 797 2757 Remorum
825 2693 1077 2776 popularentur,
1107 2693 1164 2775 qui

133 2800 252 2864 magno
275 2780 371 2841 nobis
394 2780 468 2842 usui
490 2779 533 2843 ad
548 2781 671 2843 bellum
686 2777 865 2864 gerendum
877 2785 979 2854 erant,
1002 2799 1163 2841 commea·

133 2873 235 2947 tuque
257 2871 392 2927 nostros
415 2864 637 2948 prohiberent.

180 2951 228 3013 10.
274 2949 394 3013 Caesar
417 2952 536 3013 certior
556 2949 663 3014 faetus
687 2950 728 3013 ab
751 2947 896 3023 Titurio,
919 2969 1046 3011 omnem
1074 2949 1164 3032 equi-

135 3042 238 3098 tatmn
262 3044 294 3098 et
315 3036 397 3098 levis
421 3044 603 3098 armaturae
626 3034 795 3109 Ntunidas
817 3033 1001 3096 funditores
1029 3035 1164 3117 sagitta·

134 3121 269 3204 riosque
290 3127 424 3204 pontem
446 3120 588 3184 traducit
610 3129 709 3203 atque
732 3118 775 3181 ad
798 3140 855 3182 eos
873 3117 1048 3182 contendit.
1071 3118 1164 3182 Acri-

135 3215 184 3269 ter
195 3207 229 3268 in
245 3227 284 3268 eo
307 3206 382 3268 loco
404 3216 584 3291 pugnatum
607 3214 666 3270 est.
710 3204 836 3267 Hostes
859 3203 1036 3287 impeditos
1058 3203 1165 3266 nostri

134 3292 168 3354 in
189 3290 319 3355 llmnine
342 3293 490 3375 aggressi
512 3312 664 3377 magnum
693 3311 805 3352 eorum
832 3310 1000 3351 numerum
1035 3289 1104 3350 occi
1117 3288 1164 3351 le-

135 3387 225 3440 runt:
259 3397 318 3460 per
348 3397 459 3439 eorum
483 3398 624 3460 corpora
645 3376 792 3459 reliquos
816 3374 1034 3437 audacissime
1057 3382 1164 3436 trans-

135 3463 182 3524 ire
217 3470 373 3525 conantes
402 3462 609 3524 multitudine
631 3462 772 3524 telorum
794 3459 999 3543 repulerunt3
1022 3459 1165 3542 primos,

137 3548 192 3629 qui
220 3548 431 3622 transierant,
470 3549 615 3630 equitatu
650 3547 889 3609 circumventos
923 3542 1164 3606 interfecerunt.

133 3631 270 3707 'Hostes
292 3633 348 3696 ubi
372 3641 404 3695 et
428 3631 469 3695 de
496 3631 717 3717 expugnando
747 3629 872 3713 oppido
903 3638 936 3693 et
963 3629 1005 3692 de
1034 3628 1165 3692 flumine

135 3717 337 3780 transeundo
361 3739 453 3801 spem
477 3739 513 3780 se
535 3717 694 3781 fefellisse
715 3715 947 3778 intellexerunt
974 3733 1081 3796 neque
1106 3736 1165 3776 no-

138 3808 226 3863 stros
248 3802 280 3864 in
314 3803 422 3865 locum
450 3802 643 3888 iniquiorem
675 3800 832 3886 progredi
864 3799 1032 3884 pugnandi
1066 3819 1166 3861 causa

137 3883 419 3971 viderunt-atque
440 3890 534 3973 ipsos
556 3910 611 3951 res
629 3886 843 3950 frumentaria
872 3885 1011 3949 delicere
1041 3885 1165 3968 coepit,
