2468 4312
442 249 503 291 rm.
525 249 580 292 nr.
625 249 693 295 cae.
714 227 851 294 58-62.
874 216 877 223 ¹
1076 229 1137 297 143

112 378 358 480 opprimuntur;
381 382 544 446 exercitus
567 381 797 467 equitatusque
821 382 984 465 equitibus
1018 382 1137 448 Roma·

110 489 163 530 nis
185 466 499 539 administrantibus,
523 490 607 552 quos
631 469 659 530 ei
682 469 814 554 negotio
840 468 1050 552 praefecerat,
1084 491 1137 534 ce·

110 550 223 616 leriter
256 554 493 616 transmittit-ur.
547 551 621 617 Uno
655 553 723 617 fere
755 561 903 637 tempore
935 555 997 618 sub
1030 556 1135 618 lucem

109 636 266 703 hostibus
288 639 468 719 nunciatur,
491 638 523 701 in
546 639 662 702 castris
679 639 899 703 Romanorum
914 650 1042 724 praeter
1058 662 1136 704 con-

111 723 319 787 suetudinem
341 724 529 787 tumultuari
552 735 585 788 et
608 746 758 809 maguum
779 726 827 789 ire
850 747 965 811 agmen
992 725 1135 790 adverso

110 807 242 872 flumina
264 810 471 892 sonitumque
493 831 655 873 remorum
676 811 708 873 in
731 810 845 874 eadem
867 823 960 895 parte
986 812 1135 875 exaudiri

111 905 144 957 et
171 895 270 978 paulo
303 894 386 957 infra
418 895 536 959 milites
569 896 707 960 navibus
736 898 960 981 transportari.
1006 897 1133 976 Quibus

109 980 210 1042 rebus
233 979 363 1053 auditis
386 980 477 1063 quod
500 981 729 1044 existimabant
751 982 855 1045 tribus
881 983 961 1046 locis
995 983 1133 1048 transire

109 1064 257 1149 legiones
280 1075 379 1150 atque
401 1087 514 1129 onmes
548 1067 757 1150 perturbatos
793 1067 975 1132 defectione
1001 1068 1134 1132 Haedu-

110 1172 204 1213 orum
225 1150 343 1234 fugam¹
358 1172 482 1235 parare,
505 1173 583 1213 suas
606 1173 738 1236 quoque
764 1155 877 1238 copias
899 1155 932 1216 in
955 1164 1022 1217 tres
1057 1175 1131 1239 par·

108 1243 161 1299 tes
185 1235 429 1300 distribuerunt.
475 1238 557 1302 Nam
580 1238 746 1320 praesidio
762 1260 780 1301 e
795 1241 927 1324 regione
949 1249 1132 1303 castrorum

107 1322 224 1384 relicto
248 1331 280 1384 et
302 1343 405 1406 parva
426 1345 522 1386 manu
543 1322 758 1386 Melodunum
781 1346 898 1387 versus
915 1325 1025 1397 missa,
1048 1346 1132 1408 quae

108 1415 236 1470 tanturn
272 1407 510 1492 progrediatur,
548 1419 704 1491 quantum
740 1431 841 1472 naves
878 1411 1129 1495 processissent,

106 1493 252 1574 reliquas
276 1495 389 1576 copias
413 1504 526 1557 contra
548 1493 726 1558 Labienum
750 1494 921 1558 duxerunt.

151 1577 201 1640 62.
246 1578 355 1641 Prima
387 1579 460 1642 luce
493 1588 526 1642 et
558 1580 662 1643 nostri
697 1602 810 1643 omnes
837 1592 928 1644 erant
962 1589 1131 1666 transpor-

107 1665 167 1727 tati
181 1673 213 1726 et
224 1662 368 1727 hostiurn
391 1666 477 1728 acies
501 1665 702 1729 cernebatur.
748 1666 910 1730 Labienus
933 1667 1051 1730 milites
1075 1689 1130 1730 co-

107 1747 269 1823 hortatus
302 1762 340 1814 at.
365 1774 439 1814 saae
465 1752 619 1835 pristinae
639 1751 757 1814 cirratis
789 1763 816 1814 et
846 1753 1130 1816 secandissirnomm

100 1835 294 1920 proeliorum
330 1838 491 1900 retinerent
532 1838 713 1900 memoriam
751 1849 839 1923 atqne
876 1840 978 1922 apsarn
1018 1839 1128 1902 Caesa-

105 1944 178 1997 rern,
202 1925 286 2003 capas
310 1921 401 1984 dareta
432 1945 648 2006 saepenumero
680 1922 774 1986 hostes
805 1935 1003 2007 separassent,
1033 1947 1128 2009 prae·

105 2018 215 2069 sentern
248 2007 352 2071 adesse
382 2009 600 2081 existimarent,
634 2007 692 2072 dat
725 2010 853 2094 signum
884 2010 1009 2095 proelii.
1058 2009 1128 2074 Pri-

104 2112 159 2155 mo
196 2113 359 2155 concursu
395 2093 436 2157 ab
474 2093 591 2157 dextro
626 2115 744 2168 cornu,
777 2095 832 2158 ubi
865 2096 1004 2180 septima
1040 2096 1126 2180 legio

106 2178 307 2252 constiterat,
330 2177 445 2241 hostes
468 2178 633 2263 pelluntur
655 2188 754 2261 atque
776 2179 809 2243 in
830 2179 1128 2266 fugamconjiciun·

105 2271 173 2337 tur3
197 2264 238 2326 ab
262 2263 405 2335 sinistro,
428 2284 525 2346 quem
546 2265 656 2328 locum
678 2263 871 2341 duodecima
887 2266 973 2350 legio
986 2268 1126 2342 tenebat,

106 2369 205 2430 quum
228 2349 323 2431 primi
345 2347 477 2412 ordines
500 2349 643 2413 hostium
678 2351 825 2413 transfixi
858 2351 931 2413 telis
966 2350 1127 2414 concidis·

104 2444 186 2507 sent,
220 2442 326 2496 tamen
360 2435 514 2497 acerrime
546 2435 662 2519 reliqui
695 2436 901 2506 resistebant,
933 2457 994 2499 nec
1027 2436 1127 2500 dabat

103 2520 323 2603 suspicionem
346 2517 444 2604 fugae
466 2521 647 2604 quisquam.
696 2521 773 2605 Ipse
796 2519 864 2584 dux
893 2520 1037 2584 hostium
1066 2521 1125 2586 Ca·

102 2605 296 2689 mulogenus
330 2606 399 2668 suis
433 2605 547 2669 aderat
572 2617 670 2688 atque
699 2628 757 2669 eos
786 2607 1028 2671 cohortabatur.
1073 2608 1125 2672 ln·

102 2700 193 2753 certo
216 2712 303 2753 nunc
326 2692 420 2753 ctiam
444 2693 534 2754 exitu
556 2692 710 2755 victoriae
734 2713 833 2775 quum
860 2692 1017 2776 septimae
1047 2693 1125 2779 legi·

102 2775 175 2838 onis
199 2775 337 2840 tribunis
362 2778 667 2841 essetuunciatum.
690 2777 828 2860 quaein
854 2777 987 2842 sinistro
1022 2801 1124 2843 cornu

100 2871 300 2946 gererentur,
322 2870 400 2945 post
422 2871 548 2947 tergum
570 2863 714 2926 hostium
732 2863 891 2948 legionem
908 2863 1124 2928 ostenderunt

101 2946 260 3030 signaque
282 2947 467 3010 intulerunt.
511 2949 562 3013 Ne
585 2970 624 3011 eo
649 2948 779 3030 quidem
791 2957 937 3032 tempore
950 2951 1123 3033 quisquam

99 3030 176 3094 loco
200 3033 308 3106 cessit,
332 3031 392 3095 sed
415 3033 623 3097 circumventi
646 3055 759 3096 omnes
781 3031 1008 3118 interfectique
1037 3044 1121 3099 sunt.

99 3115 249 3179 Eandem
270 3117 435 3181 fortunam
457 3119 531 3182 tulit
545 3119 794 3203 Camulogenus.
837 3120 883 3184 At
903 3120 933 3194 ii,
956 3121 1012 3204 qui
1029 3141 1122 3205 prae·

100 3201 186 3265 sidio
210 3214 324 3266 contra
346 3214 455 3268 castra
476 3204 609 3269 labieni
632 3221 726 3268 erant
746 3205 859 3279 relicti,
892 3227 991 3288 quum
1027 3228 1122 3290 proe-

99 3287 177 3351 lium
201 3290 409 3352 commissum
431 3289 607 3364 audissent,
641 3291 791 3354 subsidio
824 3291 893 3354 suis
925 3290 1033 3354 ierunt
1054 3293 1121 3355 col-

99 3372 227 3456 lemque
250 3385 407 3457 oeperuut
433 3396 539 3458 neque
572 3386 760 3438 nostrorum
791 3377 928 3440 militum
962 3377 1121 3440 victorum

99 3459 254 3542 impetum
277 3461 438 3523 sustinere
460 3469 647 3544 potuerunt.
691 3461 841 3525 Siccam
868 3464 937 3523 suis
971 3459 1121 3546 fugienti·

98 3544 161 3607 bus
185 3545 345 3628 permixti,
368 3567 452 3628 quos
474 3567 541 3611 uon
564 3547 666 3610 silvae
689 3557 883 3629 montesque
895 3555 1056 3619 texerunt,
1078 3548 1119 3610 ab

99 3630 245 3711 equitatu
267 3640 345 3693 aunt
365 3622 533 3694 interfecti.
580 3632 653 3696 Hoc
675 3633 806 3716 negotio
829 3629 981 3694 confecto
1004 3631 1119 3696 Labie·

97 3737 160 3778 nus
193 3716 367 3778 revertitur
400 3716 617 3800 Agedincum,
656 3717 713 3780 ubi
752 3715 981 3800 impedimenta
1019 3718 1119 3785 totius

98 3801 261 3863 exercitus
283 3801 397 3864 relicta
418 3812 519 3865 eraut.
561 3802 643 3867 lude
666 3824 737 3866 cuin
761 3803 912 3866 omuibus
939 3802 1043 3887 copiis
1076 3802 1120 3867 ad

97 3884 270 3951 Caesarem
293 3887 448 3970 pervenit
