2468 4312
101 218 143 286 34
452 244 495 285 or
517 244 620 287 renuo
643 243 781 287 arnmoo

102 372 361 459 oppugnandum
388 373 464 436 usui
492 382 585 438 erant
612 397 803 460 comparare
832 376 949 460 coepit.
999 377 1135 444 Interim

101 460 207 522 omnis
231 481 272 522 ex
293 459 373 544 fuga
394 458 609 523 Suessionum
631 461 808 524 multitudo
830 461 864 523 in
885 462 1045 545 oppidum
1056 486 1135 549 pro-

100 545 188 608 xima
220 552 318 608 nocte
352 544 513 608 convenit.
569 544 725 609 Celeriter
758 547 861 608 vineis
895 547 940 611 ad
973 550 1135 633 oppidum

101 631 192 701 actis,
214 631 354 715 *aggere
371 629 464 712 jacto
487 631 701 714 turribusque
716 631 914 706 constitutis
936 634 1135 717 magnitudi-

100 736 141 778 ne
165 736 311 798 operum,
336 735 420 798 quae
442 736 549 798 neque
571 715 723 779 viderant
744 724 820 779 ante
844 715 932 780 Galli
952 739 1060 801 neque
1076 741 1134 782 au·

101 799 237 874 dierunt,
261 808 295 863 et
317 799 483 862 celeritate
505 799 727 863 Romanorum
760 801 902 885 permoti
935 801 1065 884 legatos
1089 804 1134 868 ad

101 883 276 948 Caesarem
299 884 340 948 de
364 883 531 947 deditione
564 886 697 948 mittunt
725 893 759 949 et
785 882 982 970 petentibus
1005 887 1133 965 Remis,

101 969 157 1033 ⁵ut
180 977 462 1044 conservarentur,
485 969 669 1053 impetrant.

146 1053 194 1117 13.
239 1053 362 1118 Caesar
385 1053 558 1118 obsidibus
582 1054 736 1138 acceptis,
759 1053 770 1093 ¹
777 1055 892 1152 primis
920 1056 1061 1120 civitatis
1084 1067 1133 1122 at·

101 1159 165 1221 que
186 1139 292 1222 ipsius
317 1137 442 1203 Galbae
462 1139 549 1236 regis
574 1138 706 1203 duobus
728 1139 820 1215 tili1s,
842 1141 1007 1224 armisque
1030 1144 1133 1206 omni·

99 1224 163 1287 bus
188 1245 229 1286 ex
252 1223 377 1307 oppido
400 1222 530 1287 traditis
542 1225 576 1286 in
595 1222 796 1287 deditionem
818 1223 1017 1289 Suessiones
1041 1248 1133 1291 acce·

99 1308 149 1392 pit
172 1309 416 1391 exercitumque
438 1309 472 1371 in
493 1308 691 1371 Bellovacos
716 1308 816 1372 ducit.
861 1308 949 1388 ²Qui
971 1332 1072 1395 quum
1095 1333 1133 1376 se

100 1413 228 1476 suaque
251 1395 359 1456 omnia
381 1395 413 1456 in
437 1393 597 1477 oppidum
618 1392 888 1477 Bratuspantium
904 1395 1132 1471 contulissent,

100 1485 200 1560 atque
222 1480 263 1543 ab
288 1500 328 1541 eo
352 1477 478 1562 oppido
502 1477 624 1541 Caesar
647 1500 720 1540 cum
743 1479 888 1541 exercitu
900 1480 1027 1543 circiter
1043 1482 1133 1545 milia

99 1584 260 1647 passuum
282 1564 426 1646 quinque
455 1562 603 1637 abesset,
638 1584 751 1626 omnes
784 1563 927 1647 majores
960 1573 1055 1640 natu,
1090 1587 1132 1630 cx

101 1647 225 1732 oppido
249 1648 389 1733 egressi,
417 1669 533 1711 manus
556 1648 600 1711 ad
623 1646 797 1711 Caesarem
829 1648 965 1712 tendere
993 1659 1026 1712 et
1047 1672 1132 1716 voce

101 1733 284 1817 significare
308 1740 497 1816 coeperunt,
521 1754 595 1796 sese
617 1733 651 1795 in
674 1733 745 1796 e'us
768 1731 867 1796 fidem
882 1742 1131 1816 acpotestatem

98 1819 210 1881 venire
232 1839 339 1900 neque
362 1826 477 1881 contra
498 1818 659 1901 populum
712 1839 863 1881 omanum
886 1819 983 1881 armis
996 1829 1131 1884 cont-en-

100 1902 187 1965 dere.
230 1903 320 1978 Item,
344 1923 444 1985 quum
467 1901 510 1965 ad
542 1902 702 1986 oppidum
730 1903 927 1966 accessisset
956 1913 1132 1988 castraque

98 1987 143 2051 ibi
165 1995 312 2071 poneret,
335 1988 429 2070 pueri
456 1987 676 2069 mulieresque
705 2008 747 2049 ex
774 2008 868 2050 muro
896 1990 1006 2071 passis
1028 1991 1131 2054 mani·

98 2071 162 2136 bus
186 2093 248 2135 suo
271 2093 362 2135 more
409 2092 498 2134 acem
522 2073 563 2135 ab
586 2071 743 2136 Romanis
765 2073 939 2156 petierunt.

145 2157 192 2220 14.
235 2157 303 2220 Pro
318 2157 371 2219 his
383 2093 565 2220 iiivitiaous
591 2194 628 2203 —
654 2156 748 2219 ¹nam
759 2165 838 2240 post
853 2156 1038 2221 discessum
1053 2158 1130 2223 Bel-

98 2263 213 2327 garum
236 2242 380 2305 dimissis
402 2241 618 2304 Haeduorum
641 2242 746 2324 copiis
774 2241 818 2304 ad
846 2263 919 2304 eum
946 2252 1130 2308 reverterat

101 2367 137 2376 -
162 2328 241 2392 facit
262 2328 378 2391 verba:
412 2327 593 2391 Bellouacos
614 2328 699 2389 maai
719 2337 851 2410 tempore
883 2328 917 2389 ia
939 2325 1007 2416 fide
1040 2340 1130 2414 atque

99 2416 237 2478 amicitia
259 2415 387 2476 ciuitatis
408 2412 560 2476 Haeduae
572 2411 689 2497 fuisse:
716 2411 861 2495 impulsos
889 2412 929 2474 ab
956 2415 1019 2475 uiis
1034 2417 1128 2499 pria·

31 2561 36 2570 ,
99 2501 223 2584 cipridem,
247 2498 449 2584 quidieermi,
472 2496 620 2560 Haeduos
642 2519 663 2559 a
686 2495 817 2560 Caesare
827 2497 862 2559 ia
875 2499 1044 2560 candacem
1057 2499 1128 2561 eed-

99 2595 180 2649 actos
212 2605 314 2646 omues
345 2581 539 2665 iadipaitatec
571 2581 824 2665 eomrimeiiasque
850 2581 1005 2666 perferre,
1039 2595 1067 2646 et
1088 2584 1129 2646 ab

97 2669 238 2734 Haeduis
259 2667 400 2754 defecisse
422 2677 456 2729 et.
463 2666 582 2751 populo
603 2667 746 2730 Hmaaao
759 2666 1020 2730 beihimimulirre.
1044 2667 1128 2746 ²Qui

98 2757 160 2836 epia
181 2753 301 2816 consilii
316 2754 477 2836 principes
489 2751 630 2836 fuissem,
653 2751 736 2836 quod
752 2750 955 2833 intediqermt,
978 2764 1127 2837 quamam

98 2840 303 2904 calamitatem
324 2838 438 2900 ciuitati
459 2837 635 2917 intulissent
657 2837 691 2898 ia
712 2836 916 2900 Britanniam
942 2836 1125 2922 prrifuqisse.

96 2925 203 2988 Petere
224 2943 285 2985 aea
306 2922 404 2985 coium
424 2921 610 3001 Bellouacos
634 2919 688 2982 red
708 2922 799 2983 etiam
815 2941 878 3004 pro
899 2919 947 2982 dir
968 2922 1125 3002 Haeduos,

97 3009 151 3073 ³ut
169 3030 227 3071 aua
250 3007 406 3070 demedio
428 3028 466 3070 ac
485 3005 716 3069 mamuetudiae
732 3006 767 3067 ia
787 3026 837 3067 eor
857 3015 968 3068 utatur.
1012 3007 1128 3084 ⁴¹Quod

95 3096 124 3157 ri
146 3093 271 3179 fecerit,
304 3091 506 3155 Haeduorum
539 3091 747 3154 auctoritatem
780 3088 867 3173 apud
887 3111 988 3155 omues
1009 3091 1126 3175 Belyac

97 3179 372 3266 amplificatorem
394 3197 524 3262 quorum
546 3175 672 3238 auxiliis
684 3174 897 3260 mquieopibm,
919 3176 1126 3262 aquabella

95 3264 265 3343 inciderim,
287 3272 452 3324 sommatore
474 3261 651 3323 emaueriut.

142 3349 189 3412 15.
234 3344 377 3409 ¹Caesar
412 3344 550 3408 honoris
587 3342 740 3408 Divitiaci
776 3350 876 3427 atqtm
908 3342 1123 3407 Haeduorum

96 3454 197 3496 causa
219 3452 295 3495 sese
317 3452 375 3494 eos
398 3431 432 3493 in
453 3428 553 3493 fidem
566 3435 775 3512 recepturum
798 3436 830 3490 et
852 3435 1124 3491 conservaturum

96 3517 192 3581 dixit:
216 3515 309 3600 quod
331 3523 401 3579 erat
423 3514 538 3578 civitas
561 3533 679 3598 magna
699 3513 784 3576 inter
794 3511 916 3597 Belgas
928 3513 1124 3577 auctoritate

96 3611 195 3684 atque
217 3601 385 3664 hominum
406 3597 614 3662 multitudine
626 3598 825 3681 praestabat,
841 3606 1018 3660 sexcentos
1034 3598 1123 3662 obsi·

98 3686 158 3748 des
179 3686 342 3769 poposcit.
386 3684 449 3748 His
472 3681 602 3746 traditis
625 3681 843 3764 omnibusque
865 3682 963 3745 armis
976 3683 1123 3766 exoppi-

98 3769 141 3833 do
165 3769 293 3834 collatis
316 3770 357 3835 ab
381 3790 420 3833 eo
442 3768 519 3831 loco
541 3767 575 3830 in
596 3765 678 3829 fines
700 3765 937 3829 Ambianorum
958 3769 1123 3851 pervenit,

98 3853 212 3938 quise
234 3875 359 3939 suaque
392 3853 501 3918 omnia
533 3852 603 3915 sinc
630 3871 723 3919 mora
745 3849 953 3916 dediderunt.
997 3850 1123 3915 Eorum
