2468 4312
436 241 497 282 Lm.
520 240 551 290 vi
575 239 643 281 cnr.
667 217 803 282 28-33.
1067 221 1108 284 85

73 374 250 452 cartineam,
283 373 366 434 4ποη
398 373 499 453 rejecti
520 381 548 433 et
568 371 694 456 relegati
727 371 815 454 laage
848 372 888 434 ab
922 375 1025 435 rearis
1054 384 1110 437 aut

74 457 160 529 ferro
182 468 238 520 arii
271 481 339 520 ame
361 459 517 520 intereant.

121 543 172 605 31.
217 542 228 580 ¹
265 543 455 626 onsurgitur
468 563 508 605 ex
521 541 675 614 concilim
691 540 976 625 comprehendunt
986 548 1110 604 utrum·

77 648 143 710 que
180 635 215 690 et
251 638 360 700 orant,
398 651 436 688 ne
467 651 525 690 aaa
559 628 743 690 dissensione
776 638 803 689 et
831 628 1010 711 pertinacia
1046 650 1111 688 rem

54 715 112 775 'ia
134 735 285 775 raminran
312 713 488 796 paricidam
520 713 686 775 deducant:
710 712 841 797 facilem
869 735 930 774 esee
958 735 1030 791 rem,
1059 735 1111 774 eea

76 809 231 876 rnaaeaat,
254 821 307 861 eeu
323 799 569 885 proficiscantur,
592 797 620 859 ei
640 803 730 859 moda
751 820 846 860 traam
868 819 970 860 omnes
980 800 1111 860 irretiant

78 906 117 946 aa
133 884 282 967 prodeam
304 893 410 945 cantra
432 886 465 945 in
488 884 672 945 dissensione
693 882 812 945 nullam
833 906 864 944 ee
885 883 1012 945 salaria
1034 906 1110 966 per·

77 969 205 1052 spicere.
248 967 316 1030 Res
340 967 565 1050 disputatione
598 967 639 1030 ad
674 966 814 1030 mediam
837 978 967 1030 noctem
990 968 1109 1051 perdu-

78 1053 172 1116 citur.
217 1051 366 1116 Tandem
390 1053 448 1116 dat
476 1052 574 1116 Cotta
606 1061 776 1136 permotus
811 1073 941 1125 manus3
976 1061 1111 1136 superat

79 1137 244 1200 sententia
277 1138 398 1201 Sabini.
453 1137 714 1200 ²Pr0nunciatur
749 1138 855 1221 prima
887 1138 961 1200 luce
994 1138 1109 1200 ituros

79 1221 292 1286 Consumitur
324 1222 443 1306 vigiliis
476 1223 603 1306 reliqua
636 1244 715 1306 pars
749 1224 866 1296 noctis
900 1223 1019 1305 ³quum
1051 1244 1111 1284 sua

79 1307 222 1391 quisque
244 1307 338 1370 miles
362 1308 633 1391 circumspiceret„
657 1307 736 1391 quid
760 1328 871 1370 secum
884 1317 1017 1390 portare
1032 1329 1111 1390 pos·

80 1400 141 1466 set,
165 1391 246 1475 quid
269 1414 309 1454 ex
331 1393 548 1455 instrumento
570 1391 781 1456 hibernorum
804 1393 989 1474 relinquere
1015 1414 1111 1476 coge-

79 1485 179 1540 retur.
225 1475 364 1538 ⁴Omnia
386 1477 622 1562 excogitantur,
647 1498 748 1560 quare
773 1499 834 1541 nec
863 1479 934 1539 sine
962 1477 1110 1560 periculo

78 1570 249 1625 maneatur
283 1569 315 1624 et
348 1562 507 1646 languore
540 1563 676 1624 militum
710 1571 743 1624 et
775 1562 894 1647 vigiliis
929 1561 1111 1645 periculum

81 1656 248 1744 augeatur.
292 1646 401 1709 Prima
423 1647 497 1710 luce
520 1647 567 1709 sic
591 1669 632 1709 ex
655 1648 773 1709 castris
796 1646 1059 1730 proficiscuntur,
1075 1655 1112 1710 ut

81 1732 203 1814 quibus
227 1739 318 1794 esset
339 1753 544 1815 persuasum„
567 1753 634 1794 nan
657 1733 698 1796 ab
720 1731 828 1806 hoste,
859 1731 921 1794 sed
943 1733 984 1794 ab
1008 1731 1112 1793 homi-

81 1838 123 1880 ne
145 1816 342 1880 amicissimo
365 1816 555 1902 Ambiorige
578 1817 750 1879 consilium
773 1817 895 1891 datum,
917 1817 1111 1901 longissimo

81 1901 210 1986 agmine
231 1902 451 1985 maximisque
463 1900 717 1985 impedimentis.

126 1986 176 2050 32.
221 1986 280 2050 ¹At
301 1987 427 2061 hostes
462 1997 679 2070 posteaquam
712 2008 754 2049 ex
785 1993 948 2049 nocturno
980 1985 1112 2049 fremitu

81 2071 268 2156 vigiliisque
293 2070 334 2134 de
356 2071 561 2154 profectione
585 2093 698 2134 eorum
721 2080 905 2144 senserunt,
939 2072 1111 2134 collocatis

80 2155 209 2218 insidiis
232 2157 388 2240 bipartito
410 2158 445 2219 in
473 2157 566 2219 silvis
600 2156 811 2239 ²0pp0rtuno
845 2166 945 2238 atque
979 2157 1111 2219 occulto

80 2241 158 2304 loco
182 2262 201 2302 a
223 2241 354 2304 milibus
378 2262 537 2324 passuum
560 2242 688 2304 circiter
722 2241 855 2305 duobus
889 2240 1112 2303 Romanorum

82 2325 259 2389 adveutum
283 2328 534 2408 exspectabant3
558 2334 599 2399 et,
623 2347 724 2408 quum
746 2347 783 2388 se
805 2326 909 2410 major
922 2346 999 2408 pars
1012 2325 1112 2409 agmi-

80 2411 132 2474 nis
155 2411 188 2473 in
210 2431 360 2495 magnam
382 2411 565 2474 convallem
584 2411 779 2484 demisisset,
804 2432 845 2473 ex
867 2419 1006 2492 utraque
1017 2420 1113 2492 parte

83 2496 155 2580 ejus
179 2495 275 2559 vallis
300 2497 410 2559 subito
435 2518 471 2559 se
495 2496 712 2559 ostenderunt
739 2495 1006 2576 novissimosque
1038 2515 1113 2577 pre-

81 2601 171 2643 mere
193 2590 227 2643 et
249 2582 372 2664 primos
396 2582 573 2665 prohibere
596 2602 737 2644 ascensu
759 2590 859 2663 atque
886 2578 1112 2662 ³iniquissimo

81 2666 207 2737 nostris
230 2665 305 2728 loco
329 2667 491 2749 proelium
514 2667 716 2729 committere
739 2672 927 2748 coeperunt.

124 2751 176 2813 33.
221 2750 327 2814 ¹Tum
351 2751 481 2814 demum
504 2750 661 2824 Titurius,
696 2749 753 2832 qui
785 2749 866 2812 nihil
899 2757 974 2812 ante
1002 2749 1112 2831 provi-

82 2833 198 2909 disset,
221 2835 387 2918 trepidare
410 2846 443 2898 et
465 2857 663 2899 concursare
686 2834 910 2918 cohortesque
926 2833 1112 2916 disponere,

81 2917 185 2982 ²haec
208 2930 316 2984 tamen
337 2921 412 3003 ipsa
433 2919 545 2984 timide
568 2929 667 3003 atque
690 2931 728 2982 ut
750 2941 824 2982 eum
846 2920 952 2981 omnia
972 2918 1113 2980 deficere

82 3002 287 3079 viderentur3
310 3004 401 3088 quod
425 3006 618 3088 plerumque
641 3005 679 3067 iis
703 3004 852 3067 accidere
864 3004 1044 3077 consuevit,
1057 3002 1114 3086 qui

81 3087 213 3172 inipso
235 3090 368 3175 negotio
392 3090 564 3152 consilium
588 3110 705 3172 capere
729 3099 899 3174 coguntur.
944 3086 1113 3161 Arcana,

82 3171 160 3255 ³qui
182 3175 370 3259 cogitasset
394 3175 476 3237 haec
499 3195 601 3256 posse
622 3175 656 3236 in
684 3173 799 3236 itinere
827 3173 985 3247 accidere,
1014 3181 1113 3254 atque

82 3259 126 3321 ob
151 3279 221 3322 eam
244 3280 378 3322 causam
399 3259 613 3342 profectionis
637 3266 753 3321 auctor
774 3280 841 3320 non
867 3257 994 3330 fuisset,
1021 3256 1114 3318 nulla

81 3342 115 3404 in
137 3364 173 3405 re
196 3344 359 3406 communi
382 3344 482 3406 saluti
504 3342 618 3405 deerat
641 3351 674 3405 et
695 3342 729 3404 in
752 3340 960 3425 appellandis
994 3340 1113 3402 cohor-

81 3427 259 3512 tandisque
291 3428 448 3491 militibus
482 3428 689 3510 imperatoris
724 3435 757 3489 et
789 3427 822 3488 in
854 3446 965 3509 pugna
1001 3425 1112 3487 militis

82 3511 192 3575 officia
214 3514 412 3597 praestabat.
459 3511 567 3590 Quum
590 3519 728 3595 propter
754 3509 990 3594 longitudinem
1013 3509 1112 3594 agmi-

80 3597 131 3659 nis
155 3597 261 3661 minus
284 3597 380 3660 facile
403 3597 512 3659 omnia
533 3617 592 3679 per
616 3618 653 3658 se
676 3596 768 3658 obire
798 3604 839 3669 et
869 3593 947 3676 quid
979 3614 1112 3677 quoque

80 3682 157 3745 loco
180 3682 364 3746 faciendum
377 3690 475 3756 esset,
498 3680 674 3764 providere
685 3687 833 3763 possent,
851 3679 1026 3762 jusserunt
1036 3700 1113 3762 pro·

80 3768 244 3841 nunciare,
268 3775 305 3830 ut
326 3768 369 3829 im
394 3765 558 3828 edimenta
578 3765 802 3846 relinquerent
822 3771 922 3846 atque
943 3763 977 3824 in
1000 3765 1113 3827 orbem

81 3853 309 3916 consisterent.
387 3849 456 3914 uod
478 3849 652 3913 consilium
686 3849 748 3912 etsi
780 3849 814 3911 in
848 3847 1010 3932 ejusmodi
1033 3870 1113 3911 casu
