2468 4312
308 226 320 261 ἰ
410 227 468 268 mn.
492 228 547 268 vn.
585 227 652 269 cen.
677 205 810 272 76-78.
1063 211 1120 277 151

92 363 209 451 serant.
254 360 351 446 Atque
373 383 425 442 eqo
451 360 531 424 bauo
557 363 732 427 seutentiam
754 366 923 449 probarem
948 400 982 410 -
1009 374 1123 430 tanturn

103 448 190 534 aqrud
209 471 256 511 me
277 447 410 529 diqrritae
425 458 525 532 potest
547 485 582 495 -
607 449 635 512 si
656 451 775 514 nullm
795 464 1014 538 praeterquam
1045 452 1124 516 uitae

101 546 223 598 nostrae
235 536 395 618 jacturam
407 536 483 621 fieri
504 533 652 617 melereto,-
683 536 737 598 secl
766 538 800 600 iu
827 538 951 600 consilio
975 536 1123 620 capiendo

102 643 220 684 omnem
243 619 381 684 Galliam
402 621 610 703 respiciamus,
632 644 725 706 quam
747 623 790 686 ael
809 635 944 688 uostmrm
972 623 1124 687 auxilium

102 708 323 771 concitavimus.
370 706 453 784 Quid
472 706 627 768 bornicum
648 708 770 771 milibus
789 731 881 772 nxxx
903 731 964 773 ππο
990 708 1054 770 loco
1076 710 1123 771 in-

101 793 229 880 tersectis
254 794 440 878 propinquis
472 793 758 880 comanquineisqae
789 796 898 859 nostris
930 796 1028 858 animi
1050 794 1124 880 fore

102 881 285 949 existimatis,
307 879 335 940 si
351 901 453 962 paene
474 879 507 941 in
528 879 604 963 ipsis
625 878 823 944 cadaueribus
839 881 960 965 proelio
971 881 1125 945 decertare

101 962 263 1050 coqeatur?
283 965 386 1028 Nolite
406 965 459 1027 boe
480 975 574 1028 oestro
597 965 714 1029 auailio
736 967 914 1052 exspoliare,
937 970 990 1054 qui
1009 977 1124 1030 uestrae

100 1052 207 1116 salutis
228 1073 323 1114 causa
344 1074 430 1113 surim
446 1050 620 1135 pericnlum
642 1051 840 1136 neqleneruut,
863 1077 918 1116 nec
938 1053 1064 1117 stultitia
1087 1076 1124 1117 ac

101 1140 265 1201 temeritate
284 1147 382 1200 uestra
405 1147 458 1199 aut
478 1138 577 1200 animi
597 1136 798 1202 imbecillitate
834 1161 951 1202 omnem
985 1138 1123 1203 Galliam

96 1234 288 1309 prosternere
310 1233 338 1285 et
353 1233 523 1307 perpetuae
543 1224 678 1286 seruituti
697 1225 852 1307 nrbjicere.
906 1228 959 1289 Aa
979 1226 1062 1311 quod
1082 1226 1125 1288 acl

102 1311 182 1373 diem
203 1332 264 1372 ποπ
285 1319 433 1388 uenerunt,
457 1309 493 1372 ele
515 1308 618 1372 eorum
630 1309 697 1396 fide
719 1313 945 1397 constantiaque
961 1309 1124 1373 dubitatis?

103 1395 187 1475 Quid
212 1391 302 1476 erqo?
334 1396 492 1458 Romanos
523 1396 557 1458 in
589 1395 651 1458 illis
682 1395 875 1459 ulterioribm
906 1397 1124 1459 munitionibus

102 1484 237 1546 animine
259 1504 353 1543 causa
375 1480 506 1566 quotidie
528 1482 660 1544 exercem'
676 1480 814 1565 putatis?
842 1481 880 1545 Si
900 1483 1023 1545 illormn
1044 1506 1122 1545 πππ·

101 1570 158 1631 ciis
179 1567 355 1656 confirmari
376 1589 437 1629 ποπ
453 1568 577 1650 potestis
598 1569 681 1631 ouini
703 1569 789 1631 aditu
804 1578 976 1652 praesepto,
999 1568 1046 1630 bis
1065 1569 1123 1631 uti·

99 1655 178 1717 mini
199 1654 324 1721 testibus,
347 1655 601 1739 appropinquare
633 1676 735 1717 eorum
769 1654 936 1734 moutam,
970 1657 1054 1736 cique
1078 1655 1124 1716 rei

100 1743 207 1804 timore
228 1740 361 1802 exterriti
382 1740 462 1800 diem
483 1750 653 1826 coeteraque
674 1742 707 1804 in
730 1762 819 1825 opere
840 1750 1006 1804 oereaatrr.
1042 1739 1124 1818 Quid

101 1847 172 1910 erqo
193 1827 253 1888 mei
274 1825 392 1888 consilii
414 1823 474 1887 est?
500 1826 617 1906 lacae,
641 1826 722 1911 quod
741 1827 837 1888 nostri
858 1827 989 1908 majores
1009 1849 1122 1912 nequa-

101 1936 194 1998 quam
210 1913 289 1996 pari
311 1910 385 1974 bello
410 1911 600 1974 Cimbrorum
637 1912 858 1998 Teutonumque
881 1911 1038 1996 feceruut:
1071 1913 1124 1997 qui

101 2001 135 2062 in
157 1997 275 2082 oppida
296 1997 443 2081 compulsi
465 2019 503 2059 ac
523 1997 617 2060 simili
638 1999 746 2082 inopia
771 1998 888 2061 subacti
920 2020 1023 2062 eorum
1056 2019 1122 2061 aor-

95 2084 233 2170 poribus‚
256 2084 309 2169 qui
331 2093 426 2145 aetate
448 2083 491 2146 ad
522 2083 631 2147 bellurn
662 2084 783 2148 inutiles
814 2084 1001 2158 videbantur,
1028 2085 1122 2147 citam

100 2171 302 2234 toleraverunt
322 2191 416 2255 aeque
446 2193 478 2231 ee
508 2168 640 2232 bostibue
662 2170 859 2233 tradiderunt.
917 2170 1008 2251 &que
1028 2171 1123 2232 reisi

101 2256 270 2341 eueroplum
290 2276 352 2316 ποπ
372 2254 556 2329 traheremus,
590 2268 691 2318 tameo
722 2257 867 2320 libertatis
893 2279 987 2320 causa
1008 2256 1123 2318 institui

100 2353 128 2406 et
142 2343 273 2427 posteris
289 2339 385 2424 prodi
401 2341 643 2424 pulcherrimam
656 2342 840 2424 judicarem.
883 2343 970 2406 Nam
991 2340 1067 2427 quid
1075 2340 1113 2403 ill
1117 2342 1123 2355 ‘

99 2427 197 2491 simile
219 2426 294 2489 bello
307 2423 393 2510 suit?
426 2425 643 2511 ²Depopulata
678 2427 786 2492 Gallia
816 2427 930 2491 Cimbri
950 2448 1122 2512 unaquaque

99 2515 188 2577 illata
211 2513 382 2576 calamitate
394 2512 512 2599 finibus
533 2513 654 2598 quidem
675 2515 782 2577 uostris
805 2512 971 2598 aliquando
994 2535 1121 2575 excesse-

99 2611 172 2663 rurit
193 2609 280 2684 atque
302 2598 382 2660 alias
396 2610 493 2661 terras
508 2605 678 2683 petieruut;
692 2600 778 2679 jura,
802 2599 885 2682 leqee,
910 2620 1007 2682 aqros‚
1031 2598 1120 2662 liber·

99 2697 189 2749 tatem
211 2684 297 2746 uobis
318 2684 509 2770 reliquerunt.
553 2685 689 2748 Romani
710 2707 780 2747 oero
801 2685 877 2771 quid
895 2695 1004 2769 petunt
1035 2683 1123 2747 aliud

99 2783 154 2836 aut
175 2771 249 2857 quid
269 2770 378 2845 uolunt
400 2771 462 2832 nisi
482 2770 601 2833 inuidia
624 2771 756 2851 adducti,
788 2793 862 2857 quos
891 2771 980 2849 fama
1007 2770 1121 2832 nobiles

94 2868 285 2943 potentesque
308 2856 383 2918 bello
406 2867 611 2939 coqnooeruut,
633 2856 743 2920 borean
767 2858 801 2918 ire
823 2858 907 2940 aqris
939 2857 1121 2919 cinitmibuo-

99 2966 156 3029 qae
178 2941 330 3005 considere
363 2952 450 3028 atque
481 2942 528 3004 bie
560 2953 714 3006 aeternam
746 2944 903 3027 inlituqere
933 2939 1122 3006 seruitutem?

99 3031 207 3114 Neque
228 3029 308 3091 euim
339 3028 404 3090 ulla
437 3028 503 3092 alia
524 3027 693 3091 conditione
714 3028 792 3093 bella
818 3039 977 3111 qesseruat,
1034 3028 1123 3107 Quod

98 3116 192 3185 eieu,
215 3115 346 3199 quaein
373 3113 544 3200 lonqioquis
575 3115 748 3178 nationibus
777 3125 931 3198 quantur,
965 3114 1120 3196 iqnoratiS,

99 3202 238 3284 respicite
249 3201 420 3287 finitimam
444 3198 591 3279 Galliam,
613 3222 692 3286 qum
712 3202 747 3263 ia
764 3202 959 3283 provinciam
987 3199 1119 3279 redacta,

91 3288 204 3369 jureet
217 3285 329 3369 leqibm
351 3287 537 3349 commutatio
557 3285 709 3349 securibus
729 3286 866 3368 uerecta,
885 3294 1037 3371 perpetua
1046 3308 1121 3369 pre-

99 3374 192 3435 mitur
211 3374 356 3434 tuotone.
588 3394 605 3429 ι

143 3459 192 3523 78.
237 3457 413 3520 Sententiis
437 3455 533 3520 dictis
557 3456 768 3530 constituunt,
790 3464 828 3519 ut
848 3455 891 3530 hi,
915 3455 971 3537 qui
995 3454 1121 3518 valetu-

100 3542 175 3606 dine
198 3553 255 3607 aut
276 3554 382 3606 aetate
404 3542 534 3606 inutiles
561 3551 639 3606 sunt
671 3541 768 3615 bella,
802 3539 927 3626 oppido
961 3539 1122 3603 excedant

100 3638 200 3711 atque
227 3630 334 3691 omnia
366 3628 457 3712 prius
492 3628 701 3712 experiantur
734 3647 830 3711 quam
864 3625 907 3689 ad
941 3625 1121 3711 Critognati

100 3714 292 3777 sententiam
316 3713 532 3777 descendant:
555 3713 612 3776 illo
636 3728 742 3776 tamen
752 3713 864 3797 potius
877 3711 1034 3776 utendum
1045 3733 1121 3775 con·

100 3800 183 3869 silio,
206 3801 235 3863 si
256 3821 309 3863 res
333 3811 429 3885 cogat
451 3810 550 3882 atque
582 3799 704 3863 auxilia
734 3810 909 3870 morentur,
944 3819 1040 3882 quam
1066 3809 1122 3861 aut

101 3885 277 3951 deditionis
299 3895 356 3950 aut
377 3885 468 3972 pacis
492 3884 694 3951 subeundam
712 3883 939 3950 conditionem.
984 3883 1123 3948 Mandu·
