2468 4312
453 226 514 269 rra.
536 225 569 269 11.
592 225 661 271 car.
684 203 820 269 23-27.
1095 207 1137 273 39

104 357 243 444 feroque
264 357 447 434 interfecte,
470 359 565 445 signo
578 359 711 434 amisse,
733 357 934 442 reliquarum
951 358 1137 424 cohortium

104 446 257 509 omnibus
279 444 348 508 fere
371 444 617 508 centurionibus
640 450 698 506 aut
719 443 898 506 vulneratis
922 453 980 508 aut
1007 446 1136 521 occisis,

103 529 138 593 in
170 529 224 593 his
258 530 422 614 primipilo
442 528 493 593 ·Ρ.
516 529 632 592 Sextio
665 528 806 602 Baculo,
835 526 1015 593 fortissimo
1048 531 1136 606 vire,

103 613 236 678 ²multis
265 615 488 699 gravibusque
521 613 713 677 vulneribus
747 611 907 689 confect0,
941 623 978 677 ut
1000 615 1070 699 jam
1099 637 1137 678 se

104 700 269 763 sustinere
292 721 360 763 non
380 706 507 782 posset,
529 699 677 783 reliquos
702 719 776 760 esse
798 697 971 774 tardiores,
1001 706 1034 762 et
1054 721 1136 763 non-

102 785 215 848 nullos
238 785 280 848 ab
301 783 491 847 novissimis
515 782 649 847 deserto
671 783 800 866 proelio
824 782 984 847 excedere
1009 805 1048 847 ac
1070 786 1137 848 tela

103 869 218 944 vitare,
240 867 358 932 hostes
380 889 489 950 neque
512 889 532 930 a
552 866 661 931 fronte
684 889 724 930 ex
740 866 893 930 inferiore
905 869 980 932 loco
993 870 1136 934 subeun-

102 960 155 1018 tes
177 954 392 1017 intermittere
420 960 454 1016 et
481 954 530 1016 ab‘
551 960 694 1035 utroque
721 952 824 1015 latere
845 953 983 1026 instare,
1013 962 1046 1017 et
1067 976 1136 1017 rem

104 1059 179 1103 esse
201 1039 236 1102 in
258 1046 399 1124 angusto
428 1037 525 1113 vidit,
558 1057 665 1120 neque
698 1037 801 1101 ullum
834 1059 909 1100 esse
937 1039 1135 1113 subsidium,

127 1124 198 1188 uod
220 1124 366 1187 submitti
390 1131 521 1207 posset,
551 1131 646 1186 scuto
676 1122 717 1185 ab
746 1123 934 1185 novissimis
963 1125 1018 1186 uni
1043 1125 1136 1188 militi

104 1144 264 1284 detractu,
287 1208 380 1291 quod
400 1208 475 1292 ipse
497 1229 537 1271 eo
560 1209 631 1271 sine
653 1216 749 1270 scuto
772 1216 915 1283 venerat,
944 1209 977 1271 in
999 1209 1135 1293 primam

104 1294 207 1357 aciem
228 1294 395 1377 processit
417 1293 730 1375 centurionibusque
752 1294 939 1357 nominatim
958 1294 1134 1378 appellatis

103 1379 252 1462 reliquos
276 1378 471 1442 cohortatus
493 1378 613 1441 milites
636 1377 731 1461 sigua
751 1376 871 1441 inferre
894 1386 927 1442 ct
948 1379 1031 1441 mani
1059 1379 1134 1442 ulos

103 1462 216 1527 laxare
234 1464 346 1548 jussit,
375 1484 441 1547 quo
471 1461 599 1525 facilius
628 1461 747 1546 gladiis
769 1463 817 1525 uti
839 1471 986 1546 possent.
1032 1400 1134 1547 &ujus

104 1547 249 1612 adventu
283 1570 344 1632 spe
376 1549 468 1612 illata
500 1548 656 1611 militibus
691 1567 730 1610 ae
762 1547 985 1632 redintegrato
1012 1549 1134 1623 animo,

104 1654 205 1717 quum
227 1654 289 1717 pro
313 1655 349 1695 se
372 1635 512 1716 quisque
534 1633 568 1696 in
593 1640 776 1715 conspectu
803 1632 1009 1715 imperatoris
1039 1634 1134 1696 etiam

103 1719 137 1782 in
159 1719 314 1782 extremis
338 1719 407 1782 suis
430 1719 529 1781 rebus
543 1739 677 1801 operam
688 1737 810 1779 navare
833 1725 976 1800 cuperet,
999 1719 1135 1801 paulum

103 1799 249 1868 hostium
270 1803 413 1886 impetus
435 1802 586 1866 tardatus
610 1811 670 1865 est.

146 1889 198 1952 26.
243 1887 374 1962 Caesar,
398 1910 498 1972 quum
521 1887 693 1971 septimam
714 1886 884 1973 legionem,
913 1887 1018 1971 ¹quac
1035 1888 1134 1973 juxta

103 1972 305 2048 constiterat,
328 1974 406 2035 item
427 1973 537 2057 urgeri
559 1973 601 2035 ab
624 1971 722 2035 hoste
738 1970 887 2048 vidisset,
910 1973 1060 2037 tribunos
1075 1974 1133 2038 mi·

102 2059 197 2123 litum
218 2058 353 2132 monuit,
375 2067 413 2121 ut
434 2058 590 2141 paulatim
620 2078 695 2120 sese
722 2057 869 2142 legiones
896 2058 1133 2143 conjungerent

102 2153 137 2208 et
159 2162 322 2206 conversa
344 2143 438 2226 signa
459 2143 492 2205 in
514 2141 630 2204 hostes
642 2141 806 2206 inferrent.
830 2141 905 2221 Quo
917 2141 1016 2218 facto,
1032 2154 1133 2226 quum

99 2228 188 2293 alius
210 2227 265 2289 alii
288 2226 473 2290 subsidium
500 2226 602 2289 ferret
629 2247 736 2308 neque
763 2228 929 2302 timerent,
956 2249 998 2291 ne
1024 2229 1133 2291 aversi

103 2314 144 2376 ab
167 2311 267 2375 hoste
289 2312 608 2384 circumvenirentur,
631 2311 788 2374 audacius
816 2312 972 2374 resistere
1000 2333 1039 2374 ac
1065 2311 1132 2376 for-

101 2398 168 2462 tius
191 2417 338 2481 pugnare
361 2405 549 2480 coeperunt.
594 2397 726 2459 Interim
740 2396 858 2458 milites
875 2396 1039 2480 legionum
1053 2397 1132 2460 dua-

100 2504 183 2556 rum,
207 2482 347 2564 quaein
368 2483 548 2544 novissimo
571 2482 697 2566 agmine
725 2479 893 2564 pracsidio
922 2480 1132 2564 impedimen·

99 2568 142 2632 tis
165 2566 303 2640 fueraut,
326 2566 474 2650 ²proeli0
496 2568 651 2630 nunciato
674 2586 774 2628 cursu
795 2565 928 2628 incitato
951 2567 985 2630 in
1004 2588 1131 2631 summo

100 2652 186 2716 colle
208 2652 251 2714 ab
274 2650 429 2714 hostibus
451 2652 749 2734 conspiciebantur,
773 2659 806 2713 et
828 2649 867 2712 T.
890 2650 1055 2714 Labienus
1079 2673 1132 2714 ca·

100 2737 180 2801 stris
203 2735 351 2799 hostium
373 2737 499 2820 potitus
530 2745 563 2799 et
592 2758 634 2799 ex
662 2737 737 2799 loco
767 2736 947 2818 superiore,
970 2757 1131 2819 quaeres

99 2821 133 2885 iu
155 2820 279 2885 nostris
303 2821 421 2883 castris
444 2830 644 2905 gererentur,
667 2821 877 2904 conspicatus
906 2820 1063 2884 decimam
1085 2822 1131 2886 le·

99 2906 230 2991 gionem
259 2905 409 2968 subsidio
437 2907 561 2969 nostris
591 2906 686 2969 misit.
732 2904 818 2984 ³Qui
841 2927 941 2990 quum
971 2927 1011 2969 ex
1041 2907 1130 2991 equi-

99 2999 170 3054 tum
192 2998 225 3053 et
247 2989 400 3054 calonum
420 2989 508 3077 fuga,
532 3013 599 3075 quo
622 2992 655 3054 in
677 2991 752 3056 loco
775 3012 829 3054 res
858 2998 961 3065 esset,
991 3001 1130 3073 quanto·

100 3095 165 3158 que
186 3075 221 3138 in
242 3075 390 3158 periculo
414 3084 448 3139 et
469 3085 578 3140 castra
600 3084 633 3138 et
655 3076 802 3161 legiones
815 3085 848 3139 et
858 3078 1036 3159 imperator
1058 3097 1129 3140 ver·

99 3169 238 3234 saretur,
261 3160 507 3245 cognovissent,
530 3161 610 3225 nihil
632 3160 676 3224 ad
698 3161 898 3225 celeritatem
920 3160 984 3224 sibi
1011 3160 1130 3244 reliqui

96 3242 256 3308 fecerimt.

143 3331 194 3394 27.
239 3328 388 3392 ¹Horum
410 3329 554 3394 adventu
581 3339 674 3395 tanta
701 3352 809 3394 rerum
838 3331 1047 3394 commutatio
1077 3339 1130 3395 est

97 3412 195 3489 facta,
216 3423 255 3478 ut
277 3415 396 3488 nostri,
425 3416 521 3479 etiam
549 3417 604 3498 qui
632 3417 824 3480 vulneribus
848 3414 987 3478 confecti
1009 3436 1129 3498 procu·

98 3499 264 3574 buissent,
298 3500 402 3561 scutis
431 3500 532 3563 innixi
560 3501 722 3583 proelium
750 3501 1024 3584 redintegrarent,
1058 3507 1129 3563 tum

98 3585 234 3648 calones
258 3585 450 3667 perterritos
474 3584 590 3648 hostes
613 3587 795 3670 conspicati
818 3586 913 3647 etiam
924 3585 1064 3647 inermes
1078 3606 1128 3648 ar-

97 3671 195 3733 matis
218 3680 436 3744 occurrerent,
459 3670 586 3752 equites
609 3692 699 3744 vere,
721 3679 759 3734 ut
781 3668 1015 3752 turpitudinem
1031 3668 1129 3754 fugae

97 3755 220 3818 virtute
243 3753 399 3828 delerent,
422 3756 573 3818 omnibus
596 3755 629 3818 in
653 3755 735 3818 locis
758 3755 964 3839 [pugnarent
988 3756 1067 3839 quo]
1091 3777 1128 3819 se

97 3839 286 3925 legionariis
309 3838 465 3903 militibus
488 3840 699 3925 praeferrent.
754 3843 800 3905 At
825 3840 942 3904 hostes
972 3841 1069 3904 etiam
1095 3842 1129 3905 in
