2468 4312
409 256 468 297 ma.
490 256 546 298 vn.
591 257 658 300 cnr.
681 236 814 302 54-58,
1055 236 1114 301 ill

97 396 137 453 irt
157 389 259 472 prius,
282 410 378 472 quarn
402 399 513 452 essent
534 390 674 475 majores
697 412 736 453 eo
759 401 892 454 coarztae
914 391 1036 475 copiae,
1070 390 1118 454 di·

98 477 242 538 micaret.
287 476 388 539 ¹Nam
411 485 447 538 ut
469 486 666 539 commutato
688 475 825 539 consilio
848 477 908 539 iter
930 477 963 540 in
985 476 1118 560 provin·

98 562 182 624 ciam
216 569 429 634 convcrteret,
462 570 498 624 ut
531 583 624 625 nemo
658 572 735 624 tnnc
769 561 898 644 quidem
931 561 1117 625 necessario

97 645 287 710 faciundum
311 646 523 719 existimabat,
547 668 643 730 quum
667 647 796 710 infamia
818 663 916 730 atque
943 646 1117 732 indignitas

98 733 146 796 rei
170 745 202 795 et
225 732 399 815 oppositus
422 752 515 795 mons
538 732 688 796 Cevenna
720 734 909 816 viarumque
943 733 1118 796 diflicultas

99 817 306 902 impediebat,
328 828 396 879 turn
419 819 564 890 maxime,
598 818 688 900 quod
720 818 875 903 abjuncto
904 818 1048 882 Labieno
1071 828 1118 882 at-

100 924 166 987 que
188 904 227 967 iis
250 903 441 988 legionibus
465 924 547 986 quas
570 925 633 966 una
645 904 784 970 miserat
808 905 1015 968 veliementer
1029 906 1119 967 time·

99 991 166 1053 bat.
220 989 333 1072 ltaque
362 987 536 1052 admodum
570 990 694 1074 magnis
729 989 852 1053 diurnis
886 991 1118 1074 nocturnisque

98 1076 269 1138 itineribus
292 1073 448 1138 confectis
472 1086 585 1137 contra
608 1075 748 1138 omnium
775 1076 958 1159 opinionem
990 1075 1033 1138 ad
1066 1075 1118 1138 Li·

99 1182 210 1247 gereni
232 1161 321 1222 venit
343 1159 495 1242 vadoque
517 1182 576 1244 per
599 1161 724 1242 equites
747 1162 878 1224 invento
911 1182 972 1245 pro
995 1160 1042 1224 rei
1063 1183 1119 1224 ne-

99 1248 256 1310 cessitate
279 1256 475 1330 opportuno,
508 1256 545 1309 ut
577 1246 708 1309 brachia
741 1245 840 1308 modo
874 1259 972 1330 atque
994 1247 1118 1310 humeri

100 1332 144 1396 ad
167 1331 358 1395 sustinenda
381 1353 469 1394 arma
492 1331 582 1394 liberi
604 1332 645 1395 ab
669 1353 754 1413 aqua
775 1353 850 1395 esse
872 1343 1018 1417 possent,
1052 1331 1119 1395 dis-

126 1418 212 1480 osito
236 1418 390 1499 equitatu,
412 1417 488 1501 ²qui
520 1417 584 1479 vim
618 1416 756 1480 llnminis
788 1416 987 1497 refringeret,
1021 1427 1119 1500 atque

91 1440 254 1566 'llostibus
278 1504 381 1586 primo
404 1510 539 1586 aspectu
562 1503 760 1586 perturbatis
781 1503 973 1566 incolumem
998 1504 1119 1566 exerci-

99 1598 169 1652 tum
192 1587 338 1653 traduxit
348 1587 607 1670 frumentumque
629 1589 661 1650 in
683 1589 770 1672 agris
793 1599 826 1650 et
846 1589 975 1673 pecoris
992 1590 1119 1673 copiam

99 1685 217 1738 nactus
239 1675 365 1758 repleto
388 1673 439 1736 his
461 1675 560 1737 rebus
585 1674 729 1736 exercitu
750 1674 811 1736 iter
832 1675 865 1736 in
886 1676 1035 1738 Senones
1072 1673 1119 1738 fa·

101 1783 175 1824 cere
198 1761 343 1823 instituit.

145 1847 194 1909 57.
238 1845 324 1909 Dmn
346 1845 428 1908 haec
449 1844 537 1929 apud
560 1844 731 1908 Caesarem
758 1855 922 1929 geruntur,
956 1845 1119 1910 Labienus

101 1954 142 1995 eo
165 1932 402 2016 supplemento,
425 1931 515 2016 quod
538 1952 641 2015 nuper
664 1952 704 1993 ex
726 1931 818 1994 lta-lia
841 1941 981 2005 venerat,
1003 1932 1118 1996 relicto

101 2017 268 2102 Agedinci,
291 2028 327 2079 ut
350 2025 439 2080 esset
460 2016 697 2099 impedimentis
721 2017 894 2100 praesidio,
928 2039 999 2079 cum
1027 2027 1119 2102 ‹luat-

101 2098 179 2166 tnor
203 2104 383 2183 legionibus
418 2102 577 2167 Lutetiam
610 2102 836 2186 proficiscitur.
891 2102 931 2165 ld
953 2115 1003 2166 est
1027 2103 1119 2187 oppi-

103 2189 181 2251 dum
202 2188 410 2252 Parisiorum.
433 2187 524 2270 quod
546 2189 689 2272 positum
713 2197 764 2251 est
786 2188 947 2251 ininsula
980 2187 1119 2252 lluminis

102 2277 281 2358 Sequanae.
327 2272 428 2358 Cujus
451 2272 592 2338 adventu
617 2274 657 2338 ab
675 2272 826 2337 hostibus
843 2276 973 2360 cognito
986 2296 1120 2359 magnae

103 2382 142 2423 ex
166 2360 307 2422 finitimis
341 2359 526 2421 civitatibus
560 2360 674 2442 copiae
707 2373 937 2423 convenerunt.
988 2360 1120 2424 Summa

102 2446 226 2530 imperii
249 2445 388 2507 traditur
411 2444 631 2529 Camulogeno
655 2445 805 2517 Aulerco,
828 2446 882 2528 qni
904 2466 1009 2529 prope
1043 2468 1120 2509 con-

101 2531 207 2594 fectus
231 2541 335 2593 aetate
358 2543 463 2593 tamen
487 2551 547 2613 pro
573 2539 621 2592 ter
644 2530 838 2615 singularem
875 2532 1041 2594 scientiam
1073 2533 1119 2594 rei

102 2617 248 2680 militaris
282 2615 324 2678 ad
359 2637 430 2678 enm
464 2624 516 2677 est
548 2553 704 2678 bonorem
738 2628 902 2679 evocatus
958 2617 989 2679 ls
1020 2638 1118 2700 quum

102 2701 387 2766 animadvertisset
410 2710 598 2786 perpetuam
611 2722 684 2764 esse
696 2701 858 2785 paludem,
874 2722 958 2786 quae
972 2701 1120 2768 inllucret

102 2789 135 2852 in
157 2791 338 2870 Serpranam
369 2797 467 2870 atque
499 2786 589 2851 illum
623 2808 749 2850 ornnem
783 2788 889 2851 locum
922 2810 1119 2874 magnopere

101 2872 282 2958 impediret,
305 2872 357 2939 hic
380 2871 529 2935 consedit
552 2880 752 2956 nostrosque
772 2875 912 2937 transitu
944 2873 1120 2958 probibere

100 2960 249 3022 institnit.

145 3046 195 3109 58.
239 3043 401 3106 Labienus
423 3043 527 3126 primo
561 3043 672 3106 tineas
706 3065 810 3128 agere,
844 3047 988 3110 cratibus
1022 3056 1119 3131 atque

100 3151 220 3216 aggere
242 3128 395 3213 paludem
417 3129 548 3213 explere
571 3140 668 3212 atque
689 3130 751 3194 iter
775 3133 898 3196 munire
932 3134 1118 3197 conabatur.

102 3217 283 3299 Postquam
305 3214 339 3277 id
364 3213 527 3276 difficilius
556 3215 688 3278 conlieri
721 3218 955 3290 animadvertit,
990 3220 1118 3283 silent-io

102 3302 259 3365 ecastris
283 3300 378 3363 tertia
398 3300 507 3385 vigilia
536 3321 688 3384 egressus
722 3302 846 3372 eodem.
880 3326 945 3388 quo
978 3315 1119 3378 venerat,

100 3388 215 3451 itinere
237 3385 450 3449 lllelodnmrm
484 3388 638 3470 pervenit.
693 3388 731 3450 ld
754 3396 804 3451 est
827 3390 983 3474 oppidum
1017 3389 1119 3454 Seno·

102 3495 177 3536 num
201 3473 231 3534 in
255 3471 362 3533 insula
384 3472 555 3554 Sequanae
588 3474 741 3555 positum,
773 3482 810 3537 nt
842 3476 941 3559 paulo
975 3485 1049 3538 ante
1078 3475 1119 3539 de

103 3559 232 3622 Lutetia
255 3557 404 3620 diximus.
449 3556 628 3640 Deprensis
652 3560 789 3622 navibus
813 3561 940 3624 circiter
962 3562 1119 3645 quinqua·

102 3646 192 3730 ginta
214 3643 425 3725 celeriterque
449 3642 631 3726 conjunctis
665 3658 762 3727 atque
797 3667 835 3708 eo
864 3647 1018 3710 militibus
1040 3647 1119 3734 inje-

103 3733 163 3793 ctis
178 3740 209 3792 et
232 3729 277 3791 rei
300 3729 444 3791 novitate
457 3729 635 3812 perterritis
649 3729 831 3814 oppidanis,
855 3752 991 3814 quorum
1004 3755 1119 3834 magna

102 3838 181 3901 pars
205 3829 274 3877 erat
296 3813 338 3875 ad
362 3814 481 3878 bellum
505 3823 649 3888 evocata,
673 3817 741 3878 sine
764 3818 970 3880 contentione
993 3820 1118 3905 opprdo

102 3903 236 3987 potitur.
280 3897 416 3964 Refecto
438 3907 548 3984 ponte,
571 3920 666 3982 quem
689 3904 912 3986 superioribus
930 3904 1045 3970 diebus
1061 3906 1119 3970 ho-
