2468 4312
101 226 141 291 14
451 248 493 289 nr
515 247 618 289 ranno
641 247 778 290 cnrmco

98 377 211 464 fugam
237 385 295 442 ant
323 377 481 442 occultari
504 385 561 442 aut
584 378 715 442 omnino
752 378 896 526 {immi
931 400 1037 464 posse
1065 381 1132 445 exi·

99 463 284 538 stimarent,
312 465 418 548 prima
443 474 542 527 nocte
570 463 729 528 ecastris
788 464 982 528 elvetiorum
1005 467 1133 551 egressi

99 548 143 613 ad
165 548 317 614 Rhenum
338 548 487 631 finesque
510 548 745 612 Germanorum
769 548 1018 613 contenderunt.

142 633 194 698 28.
238 632 341 714 Quod
362 635 418 699 ubi
442 632 564 698 Caesar
586 635 712 710 resciit,
736 655 876 718 quorum
897 657 958 758 Per
981 635 1063 699 fines
1086 636 1133 699 ie-

98 728 182 795 rant,
203 718 266 795 his,
292 720 341 783 nti
363 720 594 802 conquirerent
616 733 649 784 et
669 720 873 796 reducerent,
917 721 946 784 si
968 720 1033 786 sibi
1054 743 1134 806 pur·

100 805 168 890 gati
191 826 266 868 esse
288 804 419 879 vellent,
442 806 628 890 imperavit:
651 806 829 869 ²reductos
852 807 886 869 in
907 805 1055 870 hostium
1071 829 1133 869 nu·

98 911 189 953 mero
212 889 342 954 habuit:
364 891 512 974 reliquos
536 913 651 954 omnes
674 889 859 966 obsidibus
882 893 997 967 armiS,
1046 891 1133 955 erfu-

98 975 149 1060 gis
175 974 306 1038 traditis
329 974 383 1038 ³in
407 974 608 1039 deditionem
630 978 765 1061 accepit.
809 977 992 1051 Helvetios,
1016 913 1133 1040 Jl'ulin·

98 1080 171 1145 gos,
194 1059 393 1145 Latobrigos
415 1061 449 1122 in
472 1061 554 1124 fines
578 1083 669 1137 suoS,
692 1061 781 1125 unde
804 1070 897 1124 erant
918 1061 1069 1146 profecti,
1081 1084 1133 1125 re·

98 1146 183 1207 verti
199 1145 311 1230 jussit,
335 1154 368 1209 et
393 1145 486 1228 quod
508 1148 659 1210 omnibus
682 1146 864 1210 ⁴fructibus
887 1148 1017 1209 amissis
1043 1146 1137 1211 domi·

97 1229 179 1293 nihil
206 1239 284 1305 erat,
308 1251 375 1313 quo
397 1230 515 1293 famem
537 1231 745 1307 ⁵tolerarent‚
769 1232 1006 1316 Allobrogibus
1029 1233 1132 1316 impe-

95 1315 192 1391 ravit,
213 1324 252 1379 ut
277 1315 330 1378 his
354 1315 525 1379 efrumenti
549 1318 678 1401 copiam
699 1317 859 1380 facerent:
888 1318 982 1401 ipsos
1007 1339 1050 1401 op
1077 1317 1134 1381 ida

98 1401 273 1484 vicosque,
304 1422 389 1483 quos
419 1402 646 1477 incenderant,
680 1404 854 1466 restituere
871 1402 984 1486 jussit.
1029 1340 1074 1465 ul
1093 1424 1134 1466 ea

97 1486 237 1548 maxime
259 1487 387 1549 ratione
408 1485 502 1562 fecit,
526 1487 619 1569 quod
641 1488 761 1563 noluit,
792 1510 865 1551 eum
888 1487 1013 1562 locum,
1042 1487 1133 1552 unde

98 1569 244 1635 Helvetii
267 1570 506 1646 discesserant,
539 1592 671 1647 vacare,
704 1595 746 1636 ne
779 1580 917 1657 propter
950 1573 1133 1638 bonitatem

98 1676 252 1742 agrorum
276 1655 444 1733 Germani,
468 1657 524 1740 qui
547 1665 638 1720 trans
661 1658 812 1721 Rhenum
834 1658 995 1732 incolunt,
1019 1679 1037 1720 e
1060 1658 1132 1722 suis

98 1741 217 1805 linibus
239 1743 273 1804 in
295 1741 523 1805 Helvetiorum
545 1742 627 1805 fines
650 1744 828 1806 transirent
851 1750 883 1805 et
905 1742 1029 1805 finitimi
1054 1742 1133 1807 Gal·

97 1825 160 1889 liae
187 1827 376 1910 provinciae
407 1827 712 1913 Allobrogibusque
742 1838 862 1892 essent.
921 1827 1045 1912 ⁷Bojos
1075 1851 1133 1912 pe·

98 1912 243 1974 tentibus
266 1911 431 1987 Haeduis,
461 1913 553 1995 quod
582 1914 713 1999 egregia
734 1914 855 1976 virtute
879 1921 971 1976 erant
995 1915 1132 2000 cogniti,

98 1996 190 2059 utin
213 1996 332 2060 finibus
356 1997 425 2059 suis
464 1997 680 2071 collocarent,
710 1999 889 2061 concessit:
919 1998 1061 2081 ⁸quibus
1084 1999 1133 2062 illi

98 2101 197 2167 agros
222 2081 398 2156 dederunt,
423 2103 575 2166 quosque
597 2092 717 2167 postea
738 2084 771 2146 in
793 2104 907 2167 parem
923 2083 1010 2168 juris
1033 2084 1133 2147 liber·

98 2167 244 2250 tatisque
267 2166 496 2242 conditionem,
519 2175 619 2250 atque
641 2169 706 2252 ipsi
729 2176 829 2242 erant,
851 2178 1059 2252 receperunt,

141 2251 192 2315 29.
235 2251 274 2316 In
297 2253 414 2315 castris
444 2252 670 2316 Helvetiorum
704 2254 836 2316 tabulae
869 2261 1020 2337 repertae
1054 2262 1135 2316 sunt

98 2336 235 2400 ¹htteris
253 2335 388 2400 Graecis
405 2336 573 2401 confectae
597 2347 629 2401 et
652 2337 696 2401 ad
718 2337 891 2402 Caesarem
912 2339 1045 2413 relatae,
1061 2339 1134 2423 qni·

97 2423 161 2486 bus
184 2423 218 2484 in
243 2423 365 2486 tabulis
387 2423 577 2485 nominatim
599 2423 703 2486 ²ratio
726 2422 877 2487 confecta
899 2432 977 2499 erat,
1001 2424 1058 2507 qui
1073 2447 1133 2486 nu-

98 2528 208 2570 merus
233 2506 332 2571 domo
357 2507 482 2570 exisset
504 2529 631 2582 eormn,
665 2509 722 2592 qui
751 2530 840 2571 arma
867 2507 953 2571 ferre
975 2516 1132 2593 possent,

99 2592 230 2655 etitem
253 2593 429 2675 separatim
458 2593 586 2676 ³pueri‚
615 2615 711 2656 senes
741 2594 970 2740 mulieresggre.
1021 2593 1133 2672 ⁴Qua-

98 2698 170 2740 rum
193 2677 335 2739 omnimn
350 2699 459 2739 rerum
475 2699 602 2740 summa
624 2688 694 2741 erat
717 2678 880 2762 5capitum
937 2679 1133 2742 elvetiorum

98 2761 186 2826 milia
209 2784 340 2837 ccnxrn,
364 2761 581 2848 Tulingorum
609 2763 698 2825 milia
727 2786 846 2838 xxxvi,
876 2763 1134 2848 Latobrigorum

98 2868 171 2921 inv,
204 2845 431 2910 Rauracorum
453 2870 551 2922 xxm,
579 2846 739 2932 Bojorum
761 2870 870 2910 xxxn:
907 2869 948 2910 ex
975 2848 1045 2923 his,
1075 2850 1133 2932 qui

98 2952 188 2994 arma
198 2929 285 2994 ferre
296 2939 445 3015 possent,
468 2931 512 2995 ad
534 2932 622 2995 milia
644 2955 790 2994 nxxxxn.
835 2932 969 2996 Summa
987 2934 1133 2996 omnium

97 3015 231 3081 fuerunt
253 3015 296 3078 ad
318 3017 407 3079 milia
429 3037 596 3080 cocnxvnr.
640 3016 774 3090 Eorum,
808 3017 864 3099 qui
888 3017 1022 3080 domum
1044 3018 1133 3081 redi·

98 3109 202 3175 erunt,
226 3122 328 3164 censu
349 3101 479 3176 habito,
501 3110 539 3165 ut
561 3100 683 3164 Caesar
704 3101 931 3184 imperaverat,
958 3100 1132 3186 ⁰repertus

98 3194 150 3249 est
171 3185 347 3248 'numerus
369 3185 492 3249 milium
516 3208 533 3249 c
556 3193 590 3249 et
610 3208 641 3248 x.

141 3271 190 3334 30.
236 3270 350 3335 1Bello
373 3271 601 3334 Helven'orum
623 3268 774 3334 confecto
797 3271 900 3332 totius
918 3269 987 3333 fere
1004 3269 1133 3335 Galliae

96 3356 211 3437 legati,
240 3355 426 3440 ²principes
450 3357 631 3430 civitatum,
669 3354 712 3418 ad
736 3353 908 3418 Caesarem
930 3356 1133 3438 gratulatum

97 3436 334 3504 convenerunt:
362 3440 534 3524 Intelliyere
555 3464 623 3520 sese,
648 3440 786 3504 ³lametsi
801 3462 865 3524 pro
887 3441 1034 3503 veteribus
1056 3441 1133 3505 Hel·

96 3527 243 3589 cetimum
264 3528 389 3607 lineriis
405 3525 521 3610 populi
541 3527 680 3589 Romani
702 3525 742 3587 ab
770 3524 817 3587 bis
840 3547 962 3609 poenas
984 3525 1062 3589 bello
1084 3550 1133 3590 re-

91 3612 221 3694 petisset,
245 3621 346 3673 tamen
368 3634 437 3673 earn
458 3633 523 3672 rem
544 3632 607 3672 nou
627 3613 729 3672 mitius
751 3633 788 3672 ea
809 3633 867 3672 aare
888 3620 989 3673 terrae
1006 3610 1134 3676 Galliae

97 3716 191 3779 qaam
206 3695 321 3778 pepedi
341 3697 480 3758 Rotnani
508 3695 670 3777 aecidisse;
697 3705 866 3778 propterea
899 3695 982 3793 qaod
1003 3706 1037 3758 eb
1061 3719 1133 3760 con·

95 3778 166 3840 silio
187 3778 201 3815 ⁴
199 3778 427 3864 florentissimis
452 3780 541 3841 rebus
562 3778 666 3842 desnos
687 3801 759 3841 saar
780 3778 911 3842 Helvetia
932 3779 1132 3865 reliquissent,

96 3863 142 3926 uti
161 3865 214 3926 toti
248 3862 373 3928 Galliae
405 3863 515 3928 belhen
547 3863 695 3950 helmam
725 3864 913 3951 imperioque
940 3867 1132 3949 potirentur,
