2468 4312
426 233 486 273 nra.
509 228 563 274 vn.
587 231 655 273 cnr.
668 211 802 277 44-48.
1063 212 1122 277 137

101 365 199 429 collis
222 387 328 450 usque
351 363 392 428 ad
415 386 542 427 murum
553 364 667 449 oppidi
691 364 894 429 densissimis
908 366 1122 430 castriseom·

100 452 281 536 pleverant.
326 449 447 514 Milites
470 450 548 513 dato
575 451 668 535 signo
692 451 838 514 celeriter
850 450 893 514 ad
915 453 1123 517 munitionem

101 538 297 621 perveniunt
319 557 453 619 eamque
475 536 670 620 transgressi
694 537 785 599 trinis
809 538 925 601 castris
945 538 1123 622 potiuntur.

101 623 154 688 Ac
176 630 266 686 tanta
286 621 349 685 fuit
369 622 401 684 in
424 623 542 684 eastris
570 622 737 704 capiendis
760 623 918 697 celeritas,
942 633 978 687 ut
1000 622 1123 687 Teuto-

101 715 220 782 matus,
242 729 300 770 rex
323 707 548 792 Nitiobrigum,
572 708 681 771 subito
702 709 736 771 in
758 710 967 772 tabernaculo
985 731 1122 793 oppres·
1187 784 1191 789 .

103 814 173 866 sus,
195 793 252 856 ²ut
275 791 407 856 meridie
430 793 671 876 conquieverat,
694 796 864 878 superiore
885 796 1034 879 corporis
1050 816 1123 877 per·

102 887 138 941 te
159 877 290 947 nudata,
313 878 483 941 vulnerato
506 899 592 961 equo
615 879 670 940 vix
693 901 782 942 seex
794 881 941 944 manibus
963 881 1123 965 praedan-

101 964 186 1028 tium
206 964 342 1027 militum
363 964 511 1047 eriperet.

146 1050 197 1113 41.
242 1048 468 1113 ¹Consecutus
489 1047 533 1120 id.
556 1048 646 1130 quod
668 1050 775 1113 auimo
793 1066 1021 1134 proposuerat,
1045 1050 1123 1115 Cae-

103 1155 160 1199 sar
182 1136 327 1219 receptui
351 1135 421 1220 cani
439 1134 542 1218 jussit
565 1134 748 1219 legionique
772 1135 931 1210 decimae,
964 1137 1124 1221 ²quacum

103 1231 183 1293 erat,
206 1221 419 1283 concionatus
443 1221 536 1304 sigua
558 1221 735 1283 constituit.
785 1222 834 1286 Ac
858 1222 1055 1306 reliquarum
1079 1224 1123 1286 le-

102 1305 236 1390 gionum
259 1306 376 1368 milites
400 1327 466 1368 non
488 1304 643 1368 exaudito
666 1328 750 1370 sono
779 1309 885 1379 tubae,
919 1307 1008 1390 quod
1043 1311 1123 1372 sat-is

103 1412 221 1475 magna
243 1391 346 1455 valles
361 1389 599 1465 intercedebat,
623 1400 729 1454 tamen
752 1394 793 1456 ab
816 1394 954 1457 tribunis
987 1394 1123 1458 militum

102 1472 296 1561 legatisque,
318 1488 355 1540 ut
377 1485 477 1539 erata
493 1476 632 1539 Caesa-re
655 1489 871 1562 praeceptum,
893 1479 1123 1543 retinebantur.

102 1560 173 1626 Sed
206 1562 282 1625 elati
315 1583 375 1647 spe
408 1562 523 1624 celeris
557 1563 711 1626 victoriae
745 1573 777 1626 et
809 1563 952 1626 hostiurn
984 1563 1062 1648 fuga
1091 1575 1124 1628 et

102 1648 310 1731 superiorum
332 1658 514 1730 temporum
537 1646 691 1710 secundis
713 1649 848 1732 proeliis
870 1648 950 1712 nihil
972 1649 1055 1712 adeo
1074 1672 1124 1713 ar-

103 1731 205 1796 duum
227 1733 290 1797 sibi
313 1754 387 1796 esse
410 1733 685 1799 existimaverunt
708 1734 800 1817 quod
821 1756 887 1797 non
909 1735 1029 1798 virtute
1046 1757 1123 1798 eon·

102 1819 197 1901 sequi
220 1830 371 1902 possent,
404 1840 510 1900 neque
543 1818 639 1881 tinem
661 1820 753 1903 prius
776 1819 935 1902 sequendi
962 1819 1123 1896 fecerunt,

102 1924 201 1988 quam
224 1926 317 1967 muro
340 1903 454 1987 oppidi
477 1904 648 1988 portisque
670 1906 983 1989 appropinquarunt.
1036 1904 1123 1970 Tum

101 2010 182 2052 vero
206 2011 246 2052 ex
284 1990 433 2052 omnibus
466 1990 557 2052 urbis
591 1991 739 2074 partibus
774 2000 847 2054 orto
882 1990 1032 2063 clamore,
1067 1994 1122 2077 qui

101 2074 231 2158 longius
264 2075 408 2146 aberant,
441 2075 610 2159 repentino
645 2076 785 2139 tumultu
817 2077 989 2160 perterriti,
1023 2100 1123 2162 quum

100 2158 232 2223 hostem
255 2160 339 2223 intra
361 2170 474 2244 portas
498 2182 572 2223 esse
584 2161 814 2235 existimarent,
837 2183 912 2226 sese
934 2185 975 2225 ex
998 2164 1122 2249 oppido

102 2246 275 2330 ejecerunt.
319 2244 582 2309 blatresl'amiliae
605 2245 647 2308 de
669 2269 761 2310 muro
787 2256 913 2311 vestem
941 2259 1123 2333 argeutum·

102 2352 167 2414 que
183 2331 354 2415 jactabant
376 2341 409 2394 et
431 2344 563 2415 pectore
584 2330 675 2395 nudo
699 2334 919 2416 prominentes
933 2336 1040 2417 passis
1057 2356 1123 2398 ma·

101 2416 198 2480 nibus
222 2417 470 2480 obtestabantur
492 2416 668 2492 Romanos,
701 2432 738 2480 ut
759 2419 822 2481 sibi
845 2431 1015 2502 parcerent
1044 2442 1121 2494 neu,

102 2502 188 2566 sicut
209 2502 338 2566 Avarici
360 2501 525 2575 fecissent,
548 2525 588 2566 ne
611 2524 630 2565 a
651 2503 839 2567 mulieribus
866 2503 997 2586 quidem
1024 2514 1123 2587 atque

101 2587 279 2651 infantibus
303 2588 510 2651 abstinerent.
555 2588 760 2653 ³Nonnullee
783 2589 825 2652 de
846 2591 946 2653 muris
969 2613 1028 2675 per
1057 2612 1122 2654 ma·

101 2695 164 2737 nus
198 2672 359 2735 demissae
393 2695 467 2736 sese
501 2674 655 2737 militibus
692 2674 873 2738 tradebant.
927 2676 963 2740 L.
992 2677 1122 2753 Fabius,

101 2760 249 2822 centurio
273 2759 409 2843 legionis
432 2781 617 2843 v1u,quem
640 2760 723 2823 inter
746 2783 826 2824 suos
849 2782 888 2823 eo
912 2761 965 2825 die
998 2762 1122 2827 dixisse

101 2845 284 2917 constabat,
307 2845 440 2908 excitari
463 2867 499 2906 se
522 2845 797 2909 ⁴Avaricensibus
830 2848 981 2930 praemiis
1016 2869 1122 2932 neque

101 2931 359 3001 commissurum,
381 2940 418 2992 ut
440 2931 531 3014 prius
554 2932 727 3014 quisquam
761 2953 888 2994 murum
920 2934 1121 3008 ascenderet,

100 3014 189 3079 ⁵tres
213 3037 292 3078 suos
314 3025 430 3079 nactus
452 3017 669 3100 manipulares
682 3028 781 3099 atque
803 3018 843 3081 ab
866 3018 905 3082 iis
929 3020 1121 3083 sublevatus

99 3122 226 3164 murum
250 3101 405 3164 ascendit.
449 3100 522 3164 Hos
544 3103 616 3186 ipse
638 3124 754 3167 rursus
777 3103 926 3188 singulos
944 3117 1120 3188 exceptans

99 3186 132 3249 in
155 3207 281 3248 murum
308 3186 431 3250 extulit.

143 3272 193 3335 48.
238 3271 369 3335 luterim
391 3273 421 3346 ii,
444 3273 500 3357 qui
527 3271 572 3336 ad
604 3272 738 3337 alteram
770 3282 895 3358 partem
929 3275 1052 3359 oppidi,
1084 3285 1122 3340 ut

100 3378 202 3440 supra
225 3355 528 3430 demonstravimus,
551 3359 737 3422 munitionis
761 3380 860 3422 causa
893 3373 1120 3436 convenerant,

99 3443 205 3541 primo
229 3442 382 3506 exaudito
417 3443 566 3513 clamore,
600 3443 676 3507 inde
710 3444 804 3508 etiam
838 3444 960 3508 crebris
994 3446 1121 3508 nunciis

99 3528 231 3601 urcitati,
255 3526 413 3613 oppidum
436 3549 454 3591 a
479 3528 632 3592 Romanis
655 3529 765 3602 teneri,
795 3530 983 3614 praemissis
1007 3531 1121 3614 equiti·

100 3615 163 3677 bus
186 3635 305 3698 magno
317 3635 480 3678 concursu
492 3636 531 3677 eo
544 3614 790 3678 contenderunt.
833 3613 956 3678 Eorum
978 3625 1014 3678 ut
1032 3617 1122 3700 quis·

100 3720 164 3782 que
186 3699 310 3783 primus
333 3709 474 3773 venerat,
497 3702 558 3764 sub
581 3721 674 3764 muro
697 3700 900 3763 consistebat
920 3722 1121 3784 suorumque

100 3785 313 3868 pugnantium
335 3807 502 3848 numerum
525 3787 673 3870 augebat.
717 3783 864 3864 Quorum
888 3807 986 3870 quum
1005 3808 1121 3872 magna

82 3867 276 3937 multitudo
299 3870 516 3947 convenisset,
537 3869 806 3949 matresfamiliae,
829 3892 913 3957 quae
934 3874 1034 3958 paulo
1047 3883 1123 3947 ante
