2468 4312
98 231 141 297 84
449 253 491 292 ns
514 251 616 294 seruo
640 251 777 294 amuco

100 383 227 470 populo
252 383 401 446 Romano
423 384 546 446 bellum
568 383 677 446 faeere
700 405 812 447 ausam
836 384 893 447 vix
916 391 985 447 erat
998 384 1134 448 ereden-

101 469 187 533 dum.
233 469 349 552 Itaque
372 468 415 531 ad
449 469 621 531 eonsilium
653 491 722 531 rem
756 469 916 539 deferunt,
949 492 1133 554 magnaque

100 557 266 618 intereos
291 555 421 618 exsistit
444 555 679 617 controversia.
724 553 760 616 L.
784 555 1028 639 Aurunculeius
1045 577 1133 618 com-

98 642 279 724 pluresque
303 639 423 703 tribuui
446 640 582 702 militurn
606 649 638 702 et
660 641 839 723 primorum
873 640 1024 702 ordinum
1058 663 1133 704 cen-

98 727 246 789 turiones
269 726 349 788 nihil
369 737 477 787 temere
499 726 650 808 apendmn
672 749 767 811 neque
788 749 826 788 ea
850 725 985 788 hibernis
1016 728 1133 808 injussu

101 812 243 874 Caesaris
265 811 477 873 discedendum
501 811 745 873 existimabant:
780 812 980 896 ³qnantasuis
1000 835 1134 894 mapnas

99 899 190 960 etiam
213 898 319 979 copias
343 896 569 959 Gennanorum
590 898 733 958 sustineri
759 919 851 980 posse
882 899 1008 959 munitis
1032 897 1132 960 hiber·

90 983 148 1058 nis
171 981 349 1049 docebant:
372 983 457 1043 ⁴rem
479 983 725 1060 essetestimonm,
750 982 831 1068 qaod
847 985 987 1066 prasina
1004 982 1133 1044 hostium

99 1071 245 1151 impetum
265 1068 368 1129 rmdtis
410 1067 469 1130 ltro
496 1067 670 1129 scrineribns
698 1067 793 1129 illatis
811 1067 981 1152 fortissime
1001 1071 1133 1130 susstine-

100 1156 193 1233 erint;
215 1176 249 1214 re
261 1153 474 1238 siumentaria
498 1175 560 1214 non
576 1154 697 1235 premi,·
725 1154 840 1214 interea
863 1165 891 1215 et
917 1177 955 1215 er
977 1156 1134 1237 proximis

99 1238 272 1302 hiberniset
287 1262 307 1300 a
331 1238 462 1301 Caesare
484 1248 667 1299 conuentura
689 1238 842 1320 subsidia;
864 1247 1043 1322 postrem0‚
1059 1240 1135 1324 qnid

100 1346 161 1386 esse
184 1324 277 1385 leeirts
299 1333 354 1386 aut
373 1325 500 1405 tierpius,
525 1346 617 1408 qnam
640 1334 763 1390 auctore
783 1324 863 1386 hoste
884 1325 922 1386 de
943 1327 1067 1387 mminis
1084 1348 1132 1387 re·

100 1409 154 1472 bus
177 1431 287 1492 capere
309 1406 489 1471 consilium?

144 1493 194 1556 29.
240 1492 363 1556 Contra
392 1514 430 1554 ea
463 1493 611 1561 Titurius
648 1493 734 1555 ¹sero
758 1492 902 1578 facturos
935 1493 1131 1568 clamitabat,

102 1602 194 1666 queem
215 1583 347 1662 majores
367 1601 478 1640 martiis
499 1578 627 1640 hostium
650 1580 800 1658 actisactis
828 1579 994 1642 Germanis
1027 1602 1132 1642 conue-

100 1667 220 1743 nissent,
245 1675 300 1727 acet
320 1687 413 1749 qaum
436 1664 556 1748 aliquid
577 1665 761 1726 calamitatis
792 1665 826 1725 in
855 1667 1010 1748 proximis
1031 1665 1131 1727 hiber-

101 1751 149 1813 nis
171 1760 244 1811 esset
265 1761 428 1832 acceptum.
478 1750 611 1813 Breuem
632 1749 808 1811 consciendi
840 1774 901 1812 esse
934 1753 1129 1812 occasionem.

103 1836 264 1898 Caesarem
298 1836 449 1920 arbitrari
476 1834 649 1918 prefectum
677 1837 710 1896 in
738 1835 882 1916 Italiam·
914 1859 1010 1920 nepte
1043 1836 1132 1898 aliter

103 1921 248 1983 Carnutes
270 1919 476 2007 interficiundi
503 1921 636 1998 Taspetii
664 1921 822 1982 consilium
846 1921 946 2006 fuisse
979 1933 1130 2004 capturos,

100 2027 195 2089 neque
216 2005 384 2077 Eburones,
406 2007 434 2066 si
455 2005 506 2066 ille
529 2005 649 2085 adesset,
678 2015 764 2068 tanta
793 2009 1009 2089 contemptione
1036 2008 1133 2068 nostri

101 2091 145 2154 ad
166 2098 268 2152 castra
289 2100 429 2152 uenturos
451 2113 518 2151 esse.
562 2092 638 2153 Non
659 2090 770 2152 hostem
799 2103 958 2168 erectorem,
987 2091 1041 2153 sed
1067 2115 1131 2153 rem

99 2186 252 2258 spectare:
284 2176 400 2237 subesse
432 2175 590 2255 Rheneem5
622 2197 735 2258 msapno
757 2199 819 2238 esse
846 2176 1011 2239 Gennanis
1032 2176 1133 2237 dolori

99 2262 249 2324 Ariouisti
269 2271 395 2322 mortem
416 2271 443 2322 ct
474 2263 645 2344 superiores
677 2272 797 2324 nostras
829 2264 989 2341 uictorias;
1022 2261 1132 2323 ardere

102 2346 242 2409 Galliam
264 2356 305 2407 tot
326 2346 513 2409 contumetiis
547 2348 678 2428 acceptis
704 2347 759 2408 snb
780 2347 894 2429 populi
914 2348 1052 2409 Romani
1074 2348 1132 2408 im·

96 2433 222 2516 perium
255 2432 412 2493 redactam
443 2434 600 2514 superiore
619 2430 722 2514 picria
744 2435 791 2494 rei
812 2432 955 2494 militaris
977 2433 1131 2495 eastincta,

101 2516 285 2589 Postremo,
309 2518 375 2601 quis
397 2516 452 2578 doc
473 2518 531 2578 sibi
548 2516 756 2600 persuaderet,
791 2516 875 2579 ²sine
898 2528 979 2579 certa
1001 2540 1035 2578 re
1056 2519 1131 2580 Am·

102 2602 248 2684 bioripem
271 2601 314 2664 ad
335 2602 481 2683 esiumodi
503 2603 660 2664 consilium
687 2601 892 2664 descendisse?
923 2601 1042 2665 ⁴Suam
1064 2626 1131 2664 sen-

101 2688 225 2748 tentiam
257 2689 291 2747 in
323 2697 483 2772 utramque
510 2698 633 2770 partem
666 2711 726 2748 esse
758 2697 870 2749 tutam:
891 2688 938 2749 ⁶si
960 2688 1040 2749 nihil
1060 2698 1133 2750 esset

102 2771 216 2852 durius,
240 2773 324 2834 nullo
347 2773 573 2855 comperiente
596 2772 639 2834 ad
655 2773 1130 2856 proximamlepionempereen-
1158 2770 1165 2783 ’

101 2869 201 2937 turos5
222 2859 250 2918 si
273 2856 381 2919 Gallia
403 2859 501 2918 crenis
534 2879 601 2918 cum
631 2856 796 2920 Genuam
818 2859 1001 2937 consentiret,
1034 2881 1131 2920 ernam

101 2965 162 3003 esse
183 2944 217 3003 in
239 2942 389 3004 celeritate
405 2945 542 3025 positam
562 2943 697 3004 salntem.
743 2941 866 3005 ⁶Cottae
887 2943 1009 3027 quidem
1042 2953 1131 3028 atque

100 3049 212 3104 eorum,
236 3028 289 3111 qni
310 3026 506 3104 dissentirent,
531 3027 688 3089 consilium
721 3050 809 3112 quem
841 3028 964 3090 liaberet
998 3027 1132 3090 ercitum?

100 3111 160 3173 'Jn
183 3133 241 3195 qno
263 3113 373 3173 sinon
396 3135 546 3195 praesens
572 3113 755 3196 periodum,
791 3123 823 3176 at
854 3124 930 3175 certe
963 3114 1132 3198 lonpinqna

100 3197 256 3259 obsidione
275 3197 374 3272 formes
396 3208 468 3260 esset
488 3198 630 3259 timenda.

143 3283 194 3345 30.
240 3281 312 3344 Hae
335 3283 367 3343 in
389 3289 562 3363 utramque
594 3290 721 3365 partem
756 3282 979 3366 disputatione
1007 3282 1129 3355 habita,

99 3389 200 3449 quum
223 3388 243 3429 a
266 3365 364 3428 Cotta
385 3367 564 3449 primisque
588 3367 759 3430 ordinibus
778 3369 895 3430 acriter
910 3369 1130 3441 resisteretur,

105 3451 227 3530 Vincite,
250 3451 364 3534 inquit,
387 3454 415 3513 si
425 3454 469 3514 ita
480 3452 576 3530 virttis,
600 3451 751 3526 Sabinus
776 3464 809 3515 et
830 3453 865 3515 id
888 3453 1026 3515 clariore
1037 3475 1129 3525 voce,

97 3544 136 3599 ut
158 3558 273 3620 magna
298 3557 376 3619 pars
400 3537 537 3598 militum
567 3537 753 3612 exaudirem
783 3537 897 3625 ²neqne
925 3540 951 3599 is
978 3561 1052 3615 sian,
1081 3538 1130 3600 in-

98 3623 177 3704 quit,
201 3623 254 3708 qui
272 3623 453 3704 pravissime
475 3645 511 3683 err
532 3622 616 3683 robis
636 3625 742 3685 mortis
763 3623 902 3706 pericrdo
933 3635 1065 3685 terrear:
1098 3623 1131 3686 la·

97 3709 234 3790 sapient·
256 3708 283 3769 si
302 3708 429 3788 praeitis
450 3705 527 3791 qaid
548 3706 699 3786 acciderit,
734 3709 788 3769 abs
810 3719 836 3769 te
858 3709 1007 3770 rationem
1040 3731 1130 3791 repo·

87 3802 194 3872 scent5
217 3793 276 3876 qni,
299 3793 404 3874 siper
427 3803 453 3852 te
475 3791 571 3869 liccat,
604 3792 776 3874 perendino
805 3792 854 3853 die
882 3815 951 3854 crim
974 3795 1131 3876 proximis

98 3877 231 3940 hibernis
260 3877 411 3959 corpirncti
443 3897 629 3938 communem
662 3899 730 3940 cum
763 3877 889 3962 reliquis
922 3878 992 3947 belli
1024 3900 1130 3948 casum
