2468 4312
131 203 175 272 80
481 223 524 267 ns
544 224 646 267 annno
670 223 807 268 namuco

132 379 171 423 se
192 357 225 421 in
247 378 346 443 agros
369 357 518 445 ejecerat,
543 357 714 422 ³omnibus
746 357 809 422 viis
841 358 929 422 notis
963 356 1154 442 semitisque

133 443 320 508 essedarios
343 465 385 508 ex
407 444 500 507 silvis
523 444 690 508 emittebat
712 449 745 507 et
766 464 885 528 magno
908 466 981 507 eum
1007 444 1153 528 periculo

129 538 320 594 nostrorum
344 530 487 614 equitum
510 550 583 592 cum
604 529 645 593 iis
668 527 1050 614 confligebatatquchoc
1066 547 1155 594 metu

131 614 230 680 latius
264 616 376 700 vagari
409 615 614 700 prohibebat.
657 615 943 698 ⁵Rellnquebatur,
979 626 1015 679 ut
1048 638 1155 700 neque

34 756 37 761 .
131 701 264 787 longius
286 703 328 765 ab
350 702 476 786 agmine
498 701 661 786 legionum
684 700 812 764 discedi
834 700 956 764 Caesar
977 710 1154 785 pateretur,

132 794 167 851 et
187 796 313 851 tantum
342 785 394 851 ⁶in
427 787 514 872 agris
536 786 707 850 vastandis
740 785 964 871 incendiisque
995 785 1155 851 faciendis

131 871 286 937 hostibus
309 883 491 947 noceretur,
514 872 689 956 'quantum
712 871 826 936 labore
846 881 946 957 atque
973 872 1088 938 itinere
1110 874 1156 938 le-

132 959 270 1045 gionarii
292 958 409 1021 mihtcs
432 957 562 1022 efficere
585 966 745 1042 poterant.

176 1043 225 1109 20.
270 1044 400 1108 Interim
422 1043 652 1120 Trinobantes,
680 1044 805 1128 ¹prope
834 1043 1017 1107 firmissima
1046 1065 1156 1108 earum

132 1131 301 1216 regionum
330 1130 454 1204 civitas,
488 1152 530 1193 ex
563 1151 629 1214 qua
660 1129 915 1194 Mandubracius
950 1129 1156 1205 adolescens

133 1214 283 1280 Caesaris
295 1214 394 1278 fidem
405 1225 548 1290 secutus,
571 1215 699 1279 adeum
721 1216 754 1279 in
777 1217 994 1279 continentem
1018 1214 1158 1279 Galliam

133 1311 269 1365 venerat
293 1338 328 1349 -
355 1302 448 1387 eujus
471 1310 565 1385 pater
585 1301 807 1365 Imanuentius
829 1301 862 1365 in
885 1323 923 1365 ea
949 1301 1079 1365 civitate
1106 1323 1157 1366 re·

132 1408 232 1487 gnum
255 1388 447 1451 obtinuerat·
472 1386 729 1470 interfectusque
763 1395 832 1450 erat
864 1408 884 1450 a
910 1386 1157 1463 Casivellan1103

132 1494 206 1559 ipse
238 1471 316 1558 fuga
348 1481 484 1536 mortem
506 1474 668 1536 vitaverat
692 1509 728 1520 -·
752 1471 880 1557 legatos
913 1472 958 1536 ad
984 1471 1158 1536 Caesarem

133 1559 264 1624 mittunt
285 1558 547 1642 pollicenturque
569 1579 643 1622 sese
667 1557 696 1621 ei
718 1557 890 1621 dedituros
906 1568 1005 1644 atque
1019 1559 1158 1643 impera-

64 1658 73 1675 ·
132 1655 168 1709 ta
188 1643 351 1717 facturos3
374 1644 519 1728 ³petunt,
541 1658 579 1708 ut
600 1643 871 1709 Mandubracium
892 1645 933 1708 ab
956 1645 1075 1730 injuria
1097 1643 1158 1708 Ca-

133 1731 305 1796 sivellauni
329 1728 484 1794 defendat
505 1739 604 1814 atque
614 1731 648 1793 in
659 1730 821 1793 civitatem
834 1731 951 1805 mitt-at,
973 1730 1049 1813 ⁴qui
1063 1751 1158 1814 prae·

133 1817 177 1880 sit
199 1816 435 1900 imperiumque
457 1816 610 1880 obtineat.
654 1815 715 1880 His
739 1814 861 1881 Caesar
871 1816 1010 1900 imperat
1021 1815 1157 1880 obsides

134 1901 350 1987 quadraginta
378 1901 641 1986 frumentumque
674 1902 839 1977 exercitui,
873 1901 1159 1965 Mandubracium·

135 2007 200 2070 que
231 1987 275 2050 ad
309 2009 367 2050 eos
395 1987 500 2051 mittit.
550 1987 602 2051 Illi
629 1988 788 2071 imperata
820 1986 969 2050 celeriter
1000 1986 1158 2062 fecerunt,

135 2072 290 2137 ⁵obsides
315 2072 357 2135 ad
380 2094 547 2136 numerum
569 2072 830 2157 frumentumque
852 2073 1018 2136 miserunt.

178 2158 227 2223 21.
273 2157 550 2223 ¹Trin0bantibus
574 2157 718 2222 defensis
740 2168 840 2243 atque
860 2159 910 2228 ab¹
918 2159 1005 2222 omni
1021 2159 1158 2223 militum

133 2244 251 2330 injuria
274 2244 447 2328 prohibitis
470 2243 665 2330 Cenimagni,
688 2243 883 2330 Segontiaei,
904 2245 1082 2318 Ancalites,
1104 2245 1158 2308 Bi·

134 2331 235 2405 broci,
259 2329 353 2393 Cassi
375 2330 601 2415 legationibus·
620 2330 729 2393 missis
759 2351 834 2394 sese
862 2329 994 2394 Caesari
1024 2329 1158 2394 dedunt.

133 2417 186 2482 Ab
209 2416 261 2480 his
285 2416 456 2502 cognoscit
476 2438 543 2479 non
564 2416 663 2499 longe
684 2438 726 2479 ex
749 2437 788 2479 eo
811 2415 886 2479 loco
915 2415 1073 2500 oppidum
1097 2416 1158 2480 Ca-

134 2503 306 2567 sivellauni
329 2503 448 2566 abesse
470 2502 562 2565 silvis
584 2500 829 2586 paludibusque
839 2501 1006 2577 munitum,
1022 2522 1088 2585 quo
1105 2522 1158 2567 sa·

134 2589 177 2653 tis
199 2609 337 2674 magnus
359 2588 526 2652 hominum
553 2588 749 2673 pecorisque
777 2607 931 2650 numerus
960 2588 1157 2652 convenerit.

134 2673 304 2759 Oppidum
326 2684 434 2737 antem
468 2673 616 2737 Britanni
637 2681 765 2748 vocant,
789 2674 910 2757 ³quum
931 2673 1033 2736 silvas
1057 2673 1158 2758 impe-

134 2758 221 2824 ditas
250 2760 339 2824 vallo
373 2773 472 2843 atque
503 2758 597 2823 fossa
628 2758 827 2836 munierunt,
860 2780 926 2843 quo
961 2759 1158 2823 incursionis

134 2845 279 2909 hostium
312 2845 464 2909 vitandae
500 2866 601 2908 causa
634 2845 809 2909 convenire
842 2853 1050 2908 consuerunt.
1105 2844 1158 2908 Eo

134 2932 354 3016 proficiscitur
375 2953 449 2995 oum
470 2931 669 3017 legionibus;
691 2930 800 2995 locum
821 2931 944 3014 reperit
959 2930 1087 3016 egregie
1102 2951 1159 2994 na·

134 3026 209 3081 tura
231 3027 329 3100 atque
365 3039 465 3103 opere
497 3018 669 3090 munitum3
701 3017 809 3080 tamen
841 3016 929 3080 hunc
962 3015 1093 3080 duabus
1117 3037 1160 3080 ex

134 3103 284 3188 partibus
308 3124 499 3188 oppugnare
520 3101 698 3167 contendit.
742 3103 867 3167 Hostes
894 3101 1062 3187 paulisper
1089 3123 1159 3165 mo-

133 3190 197 3253 rati
218 3188 354 3253 militum
377 3197 565 3252 nostrorum
587 3189 742 3272 impetum
764 3209 829 3251 non
853 3188 997 3251 tulerunt
1018 3207 1160 3270 seseque

135 3275 198 3339 alia
220 3297 263 3339 ex
284 3282 377 3359 parte
401 3273 515 3359 oppidi
538 3274 712 3358 ejecerunt.
761 3274 903 3359 Magnus
931 3273 976 3337 ibi
1004 3294 1159 3336 numerus

134 3362 265 3446 pecoris
288 3367 448 3444 repertus,
469 3360 628 3445 multique
651 3360 690 3423 in
716 3357 796 3446 fuga
824 3367 901 3423 sunt
929 3358 1159 3444 comprehensi

137 3456 171 3511 at
195 3470 236 3510 ue
257 3445 427 3510 interfecti.

172 3468 229 3599 (lh
273 3531 361 3596 Dum
383 3531 464 3595 haec
485 3530 519 3594 in
541 3529 593 3594 his
615 3530 697 3594 locis
719 3537 885 3616 geruntur,
908 3529 1159 3595 Cassivellaunus

135 3617 179 3682 ad
202 3617 360 3692 Cantium,
394 3615 486 3702 quod
514 3637 590 3680 esse
612 3615 656 3680 ad
686 3637 775 3680 mare
798 3637 900 3701 supra
922 3615 1160 3680 demonstravi·

135 3726 218 3776 mus,
240 3704 361 3788 quibus
383 3702 571 3789 regionibus
593 3711 750 3787 quattuor
771 3723 866 3787 reges
887 3709 1069 3787 praeerant,
1085 3700 1160 3764 Cin-

136 3790 273 3875 getorix,
296 3788 466 3863 Carvilius,
489 3787 734 3874 Taximagulus‚
757 3787 920 3874 Segovax,
934 3787 1072 3851 nuncios
1087 3787 1161 3850 mit-

136 3876 177 3941 eit
198 3884 297 3961 atque
318 3874 372 3940 his
393 3875 541 3960 imperat,
561 3875 609 3940 uti
632 3873 754 3939 coactis
767 3874 918 3940 omnibus
930 3873 1035 3959 copiis
1051 3880 1161 3937 castra
