2468 4312
453 233 515 275 nur.
536 232 568 276 v.
613 232 681 275 car.
707 210 797 276 1-5.
1082 212 1123 277 73

97 366 183 431 mine
205 365 323 431 Rheno
345 365 397 431 ad'
410 365 534 430 initium
555 364 732 429 Remorum
753 365 903 450 pertinet,
925 364 1048 429 bellum
1064 387 1122 452 pa·

97 474 171 516 rare
191 452 341 516 instituit
383 451 452 518 Sed
474 460 691 537 posteaquam
716 451 864 515 nonnulli
892 451 1057 536 principes
1080 473 1123 516 ex

98 559 136 602 ea
159 538 291 602 civitate
312 547 346 602 et
366 536 582 602 familiaritate
605 535 821 622 Cingetorigis
852 535 988 600 adducti
1011 545 1044 601 et
1065 536 1123 603 ad·

98 632 201 688 ventu
221 625 327 688 nostri
348 624 512 688 exercitus
534 623 698 708 perterriti
719 621 764 687 ad
779 621 952 687 Caesarem
964 631 1124 687 venerunt

98 706 198 773 etde
230 710 299 773 suis
332 709 484 793 privatim
515 709 615 773 rebus
638 709 679 772 ab
713 729 753 772 eo
786 719 898 792 petere
935 719 1123 793 coeperunt,

98 794 254 878 quoniam
275 795 398 858 civitati
420 794 592 858 consulere
614 815 682 857 non
703 802 850 878 possent,
872 795 1006 869 Venitne,
1028 795 1122 859 neab

99 880 251 945 omnibus
275 880 492 955 desereretur,
513 879 760 944 induciomarus
783 880 911 965 legatos
934 880 977 944 ad
1005 879 1123 944 Caesa·

98 986 168 1030 rem
188 965 301 1029 mittit:
322 990 385 1030 ecee
405 966 520 1030 idcirco
541 966 582 1030 ab
607 967 672 1029 aab
691 966 843 1029 deam
870 978 959 1052 alque
987 966 1031 1030 ad
1056 989 1125 1030 mam

97 1053 202 1115 nenne
221 1051 360 1132 celabo,
382 1074 442 1140 qao
454 1051 586 1138 facilior
607 1053 756 1115 αὐὶίαίωη
777 1053 811 1115 ia
831 1053 932 1143 officio
953 1054 1123 1133 contineret,

97 1160 137 1201 ae
158 1139 256 1201 wenis
276 1138 443 1202 meditatie
468 1137 599 1201 decem
617 1138 707 1222 plebe
719 1149 859 1223 >prepter
883 1138 1124 1223 impmdemiam

99 1223 258 1287 laberetur.
302 1223 417 1306 ltaque
440 1244 515 1287 esse
536 1223 698 1287 civitatem
711 1224 742 1286 in
754 1245 816 1287 sua
836 1231 1011 1308 potestate,
1034 1245 1123 1288 sese·

99 1329 173 1393 que,
195 1309 224 1373 si
247 1307 368 1374 Caesar
390 1310 599 1394 permitteret,
622 1309 666 1373 ad
688 1310 804 1373 eumin
820 1318 1122 1386 castraventnrum,

99 1415 179 1458 suas
202 1395 409 1480 civitatisque
431 1393 581 1460 fortunas
604 1395 676 1480 ejus
698 1393 775 1458 fidei
793 1397 1036 1479 permissurum.

142 1481 171 1544 4.
216 1479 346 1554 Caesar,
369 1481 431 1545 etsi
451 1481 663 1567 intelligebat,
686 1501 751 1564 qua
772 1480 815 1544 ‹le
842 1502 943 1544 causa
971 1503 1009 1545 ea
1037 1481 1124 1547 dice·

98 1575 212 1631 rentur
233 1588 385 1651 quaeque
407 1588 481 1630 eum
502 1588 556 1630 res
579 1567 620 1631 ab
642 1567 793 1630 instituto
817 1567 955 1631 consilio
979 1566 1123 1632 deterre·

97 1663 157 1728 ret,
180 1660 296 1725 tamen,
317 1674 359 1716 ne
381 1660 537 1716 aestatem
559 1652 593 1715 in
615 1651 760 1716 Treviris
783 1673 975 1717 consumere
991 1674 1124 1738 cogere·

98 1747 154 1802 tur
176 1737 349 1802 lomnibus
371 1737 414 1802 ad
436 1737 658 1802 Britannicum
680 1737 801 1802 bellum
827 1739 926 1802 rebus
955 1759 1124 1823 compara·

99 1824 152 1898 tia,
173 1822 501 1887 Induciomarum-ad
523 1845 561 1887 se
583 1844 655 1887 cum
683 1822 832 1887 ducentis
866 1824 1040 1889 obsidibus
1068 1845 1124 1889 ve-

98 1910 169 1973 nire
186 1910 297 1994 jussit.
341 1908 404 1973 His
426 1909 589 1984 adductis,
621 1910 655 1973 in
688 1910 727 1973 iis
760 1910 829 1973 filio
863 1910 1124 1994 propinquisque

100 1994 172 2079 ejus
195 1996 355 2069 omnibus,
381 1995 487 2079 ²quos
515 1995 703 2060 nominatim
737 2005 940 2065 evocaverat,
973 1997 1125 2061 consola·

100 2090 155 2145 tus
177 2080 440 2144 Induciomarum
462 2081 681 2164 hortatusque
704 2089 764 2155 est,
790 2081 837 2145 uti
858 2082 892 2144 in
919 2080 1029 2145 officio
1057 2103 1124 2146 ma-

99 2176 208 2243 neret3
230 2166 332 2229 nihile
355 2175 463 2230 tamen
485 2168 593 2230 secius
615 2167 817 2252 principibus
846 2166 1057 2230 Trevirorum
1080 2167 1124 2232 ad

101 2273 139 2314 se
161 2253 352 2317 convocatis
385 2252 449 2315 hos
483 2252 670 2336 singillatim
703 2251 901 2337 Cingetorigi
923 2253 1124 2329 conciliavit3

98 2337 213 2422 ⁸qucd
247 2359 348 2422 quum
379 2338 496 2401 merito
529 2337 602 2422 ejus
624 2359 644 2401 a
666 2359 702 2400 se
725 2338 794 2401 lieri
821 2338 1032 2423 intelligebat,
1054 2348 1124 2402 tum

100 2425 208 2509 magni
229 2425 389 2488 interesse
415 2424 644 2496 arbitrabatur,
677 2423 748 2508 ejus
782 2424 1009 2487 auctoritatem
1040 2424 1125 2488 inter

100 2531 183 2573 suos
207 2510 503 2595 quamplurimum
528 2509 646 2585 valere,
680 2509 776 2594 eujus
808 2519 875 2572 tam
907 2509 1070 2595 egregiam
1091 2510 1126 2574 in

100 2616 139 2658 se
160 2595 361 2659 voluntatem
384 2595 619 2680 perspexisset
662 2594 722 2658 ⁴1d
745 2595 818 2658 tulit
839 2593 960 2658 far-tum
982 2596 1125 2680 graviter

99 2680 358 2750 Induciomarus,
380 2703 473 2745 suam
494 2682 632 2766 gratiam
652 2681 737 2744 inter
759 2702 841 2744 suos
863 2682 971 2755 minui,
998 2688 1039 2757 et,
1068 2681 1125 2765 qui

96 2765 168 2915 {lam
188 2778 265 2829 ente
286 2767 415 2829 inimico
437 2767 470 2830 in
492 2787 555 2830 nos
577 2768 684 2830 anime
706 2765 834 2844 fuisset,
859 2767 962 2830 multo
990 2768 1124 2853 gravius

126 2873 166 2915 oc
189 2851 307 2915 dolore
329 2852 460 2915 exarsit.

143 2938 172 3000 5.
216 2936 278 3000 His
300 2939 400 3002 rebus
430 2937 619 3001 constitutis
647 2936 769 3002 Caesar
795 2938 839 3002 ad
868 2952 1000 3022 portum
1027 2937 1124 3002 Itium

100 3042 175 3086 cum
196 3022 380 3104 legionibus
402 3024 559 3108 pervenit
603 3023 652 3086 lbi
674 3025 847 3109 cognoscit
856 3047 898 3087 nx
914 3046 1023 3098 naves,
1040 3045 1124 3108 quae

99 3108 135 3171 in
155 3108 276 3172 Meldis
298 3107 405 3172 factae
439 3117 539 3183 erant,
572 3109 787 3193 ²tempestate
818 3111 959 3196 rejectas
992 3131 1125 3174 cursum

100 3205 211 3259 tenere
232 3217 300 3258 non
322 3195 474 3278 potuisse
496 3202 596 3278 alque
618 3195 744 3267 eodem,
776 3196 864 3260 unde
896 3205 989 3259 erant
1016 3194 1125 3280 profe·

100 3286 180 3353 ctae,
203 3281 395 3355 revertisse3
417 3280 561 3364 reliquas
584 3292 717 3364 paratas
739 3281 783 3345 ad
794 3280 1013 3363 navigandum
1025 3289 1125 3365 atquc

100 3365 251 3430 omnibus
284 3367 385 3429 rebus
418 3366 596 3429 instructas
624 3367 756 3431 invenit.
806 3367 934 3432 Eodem
960 3367 1124 3449 equitatus

99 3450 202 3514 totius
237 3450 365 3515 Galliae
397 3452 565 3527 convenit,
602 3451 758 3516 ³numero
793 3454 916 3516 milium
953 3459 1124 3535 quattuor,

99 3535 352 3621 ‘principesque
374 3559 417 3600 ex
439 3538 591 3602 omnibus
614 3538 811 3611 civitatibus,
840 3559 882 3601 ex
909 3537 1027 3621 quibus
1050 3558 1124 3621 per·

99 3642 236 3706 paucos,
258 3644 399 3706 quorum
420 3623 453 3686 in
475 3645 513 3687 se
534 3621 632 3686 fidem
648 3633 870 3708 perspexerat,
892 3623 1076 3705 relinquere
1090 3623 1123 3686 in

100 3705 216 3783 Gallia,
238 3709 385 3793 reliquos
409 3709 562 3774 obsidum
586 3709 660 3772 loeo
683 3730 794 3772 seeum
816 3709 938 3773 ducere
970 3708 1124 3772 decreve-

98 3804 159 3943 {ai
183 3794 283 3878 quod,
312 3796 434 3880 ⁵quum
466 3796 541 3882 ipse
568 3795 709 3871 abesset,
737 3804 862 3859 motum
883 3793 1011 3860 Galliae
1032 3815 1123 3859 vere·

123 3900 143 3942 a
157 3901 205 3943 ur.
