2468 4312
115 220 157 286 88
470 243 512 283 na
535 241 637 284 ranno
661 242 798 284 cornico

115 374 226 462 tarsici5
246 397 278 435 se
300 374 344 437 od
365 396 432 436 eom
453 397 519 436 rem
535 377 697 463 profitetur
719 375 895 456 adjutorem.
951 373 1061 437 Facile
1084 374 1148 439 hac

116 460 264 522 oratione
286 460 416 522 Nerviis
439 459 628 541 persuadet.

158 543 208 607 39.
253 543 368 627 Itaque
394 542 567 606 confestim
600 543 744 607 dimissis
779 544 905 606 nunciis
935 543 979 605 ad
1008 544 1147 609 Ceutro-

114 649 183 703 nes,
213 626 368 703 Grudios,
398 629 556 698 Levacos,
585 628 808 700 Pleumoxios,
832 627 1065 702 ¹Geidumnos,
1090 632 1148 713 qui

115 733 229 776 omnes
253 716 315 778 sub
339 735 450 776 eorum
473 714 610 796 imperio
634 723 719 787 sunt,
744 734 840 796 quam
856 714 1014 777 maximas
1029 737 1147 779 manus

114 807 259 882 possunt
281 813 403 883 cogunt
428 810 459 862 et
483 799 525 861 de
547 799 729 882 improviso
751 798 795 861 ad
818 798 985 861 Ciceronis
1008 799 1147 864 hiberna
1221 831 1223 835 >

115 882 281 955 advolant,
304 883 451 946 nondum
473 884 517 946 ad
540 905 611 946 eum
635 882 721 946 fama
744 883 786 946 de
809 882 928 945 Titurii
950 893 1056 947 morte
1072 907 1147 969 per-

114 968 190 1032 lata.
236 968 341 1030 ²Huic
365 990 497 1051 quoque
520 968 647 1042 accidit,
671 967 993 1053 quodfuitnecesse,
1016 978 1054 1032 ut
1065 993 1147 1033 non·

114 1053 197 1116 nulli
219 1053 346 1127 milites,
381 1055 437 1136 qui
470 1053 657 1138 lignationis
691 1053 946 1135 munitionisque
980 1075 1080 1117 causa
1112 1055 1146 1118 in

116 1139 217 1200 silvas
242 1137 486 1212 discessissent,
509 1138 680 1221 repentino
704 1139 849 1220 equitum
873 1137 1018 1200 adventu
1047 1139 1147 1202 inter·

115 1223 307 1305 ciperentur.
352 1222 413 1284 His
438 1223 667 1285 circumventis
691 1243 807 1307 magna
828 1243 926 1285 manu
959 1222 1145 1298 Eburones,

114 1308 236 1381 Nervii,
258 1307 423 1370 Aduatuci
447 1318 545 1390 atque
568 1307 687 1370 horum
709 1308 851 1370 omnium
885 1308 966 1369 socii
990 1316 1023 1372 et
1045 1308 1145 1371 clicu-

114 1400 166 1455 tes
189 1393 351 1477 legionem
374 1413 566 1476 oppugnare
587 1392 760 1475 incipiunt,
794 1393 900 1455 nostri
928 1392 1078 1454 celeriter
1101 1394 1145 1456 ad

114 1497 205 1541 arma
227 1486 434 1551 concurrunt,
457 1478 600 1540 ³vallum
623 1476 858 1540 conscendunt.
887 1477 1015 1561 ⁴Aegre
1030 1478 1059 1539 is
1073 1477 1145 1541 dies

114 1571 328 1636 sustentatur,
362 1562 453 1645 quod
487 1584 615 1625 omnem
649 1583 742 1646 spem
763 1562 880 1625 hostes
913 1562 946 1623 in
980 1563 1146 1627 celeritate

114 1648 283 1731 ponebant
306 1657 405 1731 atque
428 1647 539 1730 adepti
562 1648 731 1711 victoriam
752 1647 786 1710 in
809 1656 1005 1730 perpetuum
1021 1669 1057 1710 se
1072 1647 1145 1711 fore

114 1732 258 1796 victores
281 1732 498 1797 confidebant.

157 1818 209 1881 40.
252 1818 428 1881 Mittuntur
450 1817 492 1881 ad
517 1817 690 1881 Caesarem
711 1816 883 1880 confestim
916 1818 957 1880 ab
988 1816 1146 1882 Cicerone

114 1900 243 1965 litterae
276 1904 401 1986 magnis
436 1903 618 1987 propositis
652 1904 813 1985 praemiis,
851 1904 879 1965 si
913 1903 1144 1986 pertulissent:

115 1985 284 2050 ²obsessis
308 1989 459 2052 omnibus
481 1988 543 2050 viis
560 1988 652 2050 missi
673 1988 931 2070 intercipiuntur.
976 1989 1088 2051 Noctu
1104 2010 1146 2052 ex

114 2072 257 2145 materia,
281 2094 378 2156 quam
401 2073 589 2136 munitionis
613 2093 714 2135 causa
736 2081 1034 2156 comportaverant,
1057 2074 1146 2136 “tur-

113 2178 168 2220 res
192 2155 369 2219 admodum
386 2179 451 2219 cxx
463 2159 646 2221 excitantur
656 2157 840 2221 incredibili
863 2157 1041 2232 celeritate3
1061 2180 1146 2241 quae

114 2240 234 2304 deesse
256 2237 348 2325 operi
363 2242 569 2318 videbantur,
592 2243 813 2326 perficiuntur.
857 2242 984 2305 Hostes
1007 2252 1145 2325 postero

114 2326 168 2389 die
189 2327 293 2389 multo
316 2327 496 2411 majoribus
520 2329 643 2390 coactis
672 2328 776 2411 copiis
806 2336 916 2389 castra
942 2337 1144 2412 oppugnant,

112 2409 239 2474 fossam
262 2413 436 2495 complent
480 2411 606 2475 Eadem
628 2413 763 2483 ratione,
786 2433 851 2495 qua
873 2411 988 2496 pridie,
1022 2414 1063 2475 ab
1086 2436 1146 2476 no·

114 2497 192 2559 stris
215 2498 388 2560 resistitur.
433 2496 508 2559 Hoc
530 2496 617 2559 idem
638 2497 774 2580 reliquis
798 2497 954 2580 deinceps
967 2497 1004 2560 fit
1016 2497 1144 2561 diebus.
1203 2540 1205 2547 ,

112 2581 235 2645 ⁴Nulla
256 2603 335 2665 pars
357 2582 510 2645 nocturni
531 2583 689 2666 temporis
713 2581 755 2644 ad
782 2582 928 2645 laborem
962 2582 1145 2646 intermitti·

113 2673 181 2739 tur,
205 2687 271 2728 non
293 2667 409 2752 aegris
432 2687 500 2729 non
522 2667 701 2730 vulneratis
729 2666 870 2729 facultas
894 2667 1013 2749 quietis
1037 2667 1144 2737 datur.

115 2749 348 2834 Quaecumque
371 2750 415 2813 ad
436 2752 576 2835 proximi
588 2751 653 2814 diei
666 2751 943 2835 oppugnationem
956 2773 1040 2835 opus
1057 2763 1145 2832 sunt,

113 2843 214 2898 noctu
237 2844 482 2918 comparantum
508 2836 630 2899 multae
652 2847 827 2919 praeustae
861 2834 972 2908 sudes,
1005 2857 1144 2920 magnus

113 2919 284 2982 muralium
305 2920 448 3003 pilorum
470 2942 625 2983 numerus
648 2921 842 2991 instituitur;
876 2919 1004 2983 “turres
1031 2931 1144 2984 couta-

113 3004 283 3079 bulantur,
316 3005 435 3088 pinnae
468 3005 656 3088 loricaeque
689 3027 731 3068 ex
764 3006 908 3067 cratibus
942 3013 1143 3069 attexuntur.

113 3089 209 3172 'Ipse
233 3088 357 3162 Cicero,
391 3111 492 3173 quum
524 3091 716 3153 tenuissima
748 3088 936 3153 valetudine
969 3098 1144 3163 essetne

113 3182 308 3237 nocturnum
331 3175 462 3257 quidem
486 3175 549 3238 sibi
572 3184 702 3258 tempus
715 3173 757 3237 ad
771 3175 911 3257 quietem
928 3174 1143 3257 relinquebat,

112 3274 150 3322 ut
173 3258 260 3322 ultro
282 3261 418 3323 militum
441 3281 607 3323 concursu
629 3280 668 3321 ac
690 3260 828 3324 vocibus
851 3258 914 3321 sibi
936 3280 1072 3342 parcere
1087 3281 1144 3324 oo·

112 3351 253 3428 geretur.

155 3429 206 3491 41.
250 3427 346 3492 Tunc
369 3430 472 3493 duces
495 3429 727 3513 principesque
750 3430 956 3503 Nerviorum,
986 3428 1063 3511 lqui
1085 3429 1143 3492 ali·

113 3533 209 3596 quem
233 3515 393 3577 sermonis
418 3515 541 3577 aditum
564 3535 762 3599 causamque
785 3515 1030 3577 amicitiaecum
1053 3511 1144 3578 Cice·

111 3618 192 3660 rone
214 3597 390 3673 habebant,
413 3599 559 3683 colloqui
582 3619 658 3662 sese
685 3598 770 3662 velle
793 3598 915 3662 dicunt.
960 3598 1061 3662 Facta
1083 3620 1144 3682 po·

111 3689 232 3746 testate
266 3682 394 3759 eadem,
428 3704 513 3766 quae
546 3684 717 3747 Ambiorix
750 3705 824 3746 cum
857 3683 987 3747 Titurio
1022 3692 1143 3767 egerat,

113 3778 380 3832 commemorant:
416 3769 542 3833 Omana
564 3771 680 3831 esseio
703 3770 799 3831 armis
826 3767 982 3831 Galliam:
1012 3768 1143 3832 Germa-

112 3871 168 3913 nos
199 3853 339 3918 Rhenum
371 3857 531 3938 transirem
565 3855 707 3918 Caesaris
737 3853 982 3941 reliquorumque
1013 3853 1144 3918 hiberna
