2468 4312
409 237 470 280 nra.
492 237 536 280 rv.
581 237 650 281 car.
677 215 811 283 16-20.
1077 215 1120 280 63

86 370 220 454 oblique
243 371 432 456 agebantur,
456 390 541 453 quae
563 390 625 454 pro
654 369 756 433 ariete
784 369 955 455 subjectae
983 378 1017 434 et
1044 392 1120 436 cum

86 457 175 521 omni
197 477 298 539 opere
320 454 516 540 conjunctae
527 455 592 517 vim
604 453 744 518 fluminis
767 456 965 540 exciperent,
989 463 1022 519 et
1036 458 1120 521 aliae

84 543 164 606 item
186 562 288 625 snpra
310 551 445 624 pontem
479 539 637 604 mediocri
668 541 789 624 spatio,
823 549 868 616 ut,
902 540 931 602 si
964 541 1120 609 arborum

86 626 193 690 trunci
215 626 286 689 sive
307 647 410 689 naves
434 624 608 710 dejiciendi
631 626 742 708 operis
771 633 884 689 essent
917 647 936 688 a
970 626 1118 691 barbaris

85 712 216 785 missac,
238 711 291 773 his
316 708 547 791 defensoribus
571 731 683 774 earum
705 732 815 775 rerum
835 711 887 775 vis
911 711 1119 786 minueretur,

85 818 150 860 neu
172 796 266 879 ponti
289 803 453 859 nocerent.

133 882 180 946 le.
225 880 371 943 ¹Diebus
405 878 534 954 decem,
574 880 695 963 quibus
728 881 864 944 materia
896 889 1016 966 coepta
1049 891 1120 946 erat

85 965 295 1049 comportari,
329 964 417 1028 omni
450 986 552 1048 opere
584 964 701 1028 effecto
736 966 899 1030 exercitus
925 966 1118 1032 traducitur.

86 1049 209 1114 Cacsar
237 1049 281 1112 ad
313 1057 487 1132 utramque
518 1065 645 1134 partem
679 1052 790 1134 pontis
823 1051 916 1114 firmo
973 1051 1118 1116 raesidio

84 1135 201 1199 relicto
235 1135 268 1198 in
301 1134 382 1198 fines
416 1134 674 1219 Sugambrorum
711 1135 889 1199 contendit
944 1074 1076 1199 iirterim
1098 1158 1119 1200 a

86 1219 311 1304 compluribus
335 1219 522 1284 civitatibus
545 1219 589 1282 ad
611 1241 687 1283 eum
709 1221 808 1305 legati
830 1221 973 1295 veniunt,
997 1222 1117 1304 quibus

85 1326 201 1390 pacem
223 1312 324 1386 atque
346 1304 518 1367 amicitiam
564 1305 730 1368 etentibus
753 1305 951 1368 ²liberaliter
979 1327 1118 1389 respon·

87 1390 137 1454 dit
159 1387 363 1472 obsidesque
385 1388 429 1451 ad
451 1411 488 1452 se
511 1326 632 1452 adduci
650 1389 756 1473 jubet.
805 1389 850 1452 At
879 1389 1052 1473 Sugambri
1075 1411 1118 1454 ex

86 1496 127 1539 eo
150 1482 307 1558 tempore,
330 1495 397 1558 quo
419 1495 506 1557 pons
528 1474 655 1536 institui
678 1482 817 1557 coeptus
834 1482 893 1548 est,
916 1473 1015 1558 ³fuga
1029 1496 1117 1538 com-

85 1568 202 1645 parata
223 1558 432 1622 hortantibus
454 1558 505 1633 iis,
528 1578 614 1641 quos
639 1579 680 1621 ex
702 1557 874 1621 Tencteris
909 1569 1009 1641 atque
1042 1558 1117 1622 Usi-

83 1644 217 1729 petibus
244 1642 334 1727 apud
368 1665 406 1706 se
437 1643 613 1718 habebant,
646 1643 766 1707 finibus
800 1644 870 1706 suis
904 1653 1118 1707 excesserant

83 1749 212 1812 suaque
235 1728 343 1791 omnia
365 1735 623 1811 exportaverant
644 1749 748 1811 seque
769 1728 804 1791 in
825 1727 1060 1791 ‘solitudinem
1077 1749 1117 1792 ac

84 1814 187 1877 silvas
213 1812 418 1877 abdiderant.

130 1898 178 1961 19.
222 1896 344 1961 Caesar
367 1919 493 1981 paucos
518 1898 589 1961 dies
612 1899 645 1961 in
674 1919 787 1962 eorum
816 1897 935 1962 finibus
969 1906 1116 1963 moratus

83 1983 236 2046 omuibus
260 1983 341 2045 vicis
364 1983 589 2067 aedificiisque
616 1983 758 2047 incensis
781 1982 1019 2068 frumentisque
1042 2005 1116 2047 suc-

83 2069 163 2131 cisis
186 2089 223 2131 se
244 2068 279 2130 in
299 2067 382 2130 fines
404 2066 564 2132 Ubiorum
586 2070 720 2152 recepit,
749 2079 849 2151 atque
877 2069 929 2131 his
959 2069 1117 2131 auxilium

83 2173 181 2215 suum
203 2152 381 2237 pollicitus,
405 2153 433 2214 si
456 2153 497 2216 ab
520 2153 640 2216 Suavis
668 2163 902 2237 premerentur,
938 2154 1041 2217 lhaec
1074 2155 1115 2217 ab

41 2288 47 2301 .
82 2238 124 2300 iis
158 2238 328 2321 cognovit:
361 2236 508 2311 Suevos,
541 2246 757 2321 posteaquam
791 2259 850 2322 per
885 2239 1115 2321 exploratores

82 2333 217 2406 pontem
240 2321 310 2385 fieri
332 2323 580 2405 comperissent,
608 2344 697 2386 more
731 2344 793 2385 suo
828 2323 967 2385 concilio
1001 2323 1116 2386 habito

82 2407 221 2470 nuncios
254 2408 288 2470 in
321 2428 435 2470 omues
469 2416 582 2491 partes
605 2407 779 2482 dimisisse,
813 2407 881 2469 ²uti
915 2407 956 2470 de
981 2407 1115 2490 oppidis

82 2490 309 2576 demigrarent,
336 2491 470 2560 liberos,
502 2513 625 2555 uxores
660 2514 786 2575 suaque
820 2492 928 2555 omnia
960 2493 993 2554 iu
1021 2493 1115 2556 silvis

81 2575 287 2661 deponerent
297 2588 397 2660 atque
410 2598 533 2651 omnes,
557 2579 612 2661 qui
635 2599 724 2640 arma
746 2575 831 2640 ferre
854 2588 1003 2660 possent,
1015 2599 1116 2641 unum

80 2661 114 2725 in
138 2662 246 2727 locum
269 2662 497 2737 convenirent;
531 2662 640 2725 ³hunc
672 2683 747 2725 csse
781 2662 944 2725 delectum
973 2662 1115 2726 medium

80 2746 150 2811 fere
172 2748 342 2832 regionum
365 2768 485 2819 earum,
508 2768 591 2832 quas
614 2747 715 2811 Suevi
738 2747 938 2823 obtinerent3
972 2746 1026 2811 bic
1048 2747 1115 2830 Ro-

79 2853 251 2897 manorum
273 2831 452 2896 adventum
474 2843 668 2917 exspectare
684 2840 783 2916 atquc
794 2833 840 2895 ibi
853 2831 1021 2896 decertare
1038 2854 1115 2896 con·

80 2918 240 2981 stituisse.
286 2915 387 2996 Quod
408 2917 465 2981 ubi
489 2916 611 2982 Caesar
633 2918 801 3001 comperit,
826 2919 977 2981 omnibus
1006 2918 1112 2981 rebus

79 3001 133 3066 his
156 3000 326 3079 confectis,
347 3003 507 3085 ⁴quarum
529 3024 638 3067 rerum
660 3023 762 3066 causa
788 3003 962 3066 traducere
991 3004 1115 3087 exerci-

79 3096 150 3151 tum
172 3088 397 3161 constituerat,
420 3096 467 3151 ut‘
480 3086 651 3152 Germanis
674 3097 795 3153 metum
818 3087 974 3172 injiceret,
1000 3098 1037 3150 ut
1051 3087 1119 3155 Su·¹

78 3174 236 3321 {ambros
271 3173 494 3248 ulcisceretur,
529 3183 567 3237 ut
598 3171 704 3238 Ubios
742 3172 917 3237 obsidione
950 3173 1113 3247 liberaret,

104 3259 198 3322 iebus
221 3259 353 3321 omuino
377 3257 490 3320 decem
514 3266 548 3321 et
569 3267 646 3322 octo
669 3266 760 3321 trans
783 3257 934 3322 Rhenum
961 3279 1113 3321 consum-

78 3342 146 3427 ptis
170 3343 251 3407 satis
281 3351 315 3407 et
341 3342 386 3405 ad
415 3342 545 3406 laudem
579 3351 612 3406 et
645 3341 688 3406 ad
722 3343 896 3407 utilitatem
928 3341 1114 3427 profectum

78 3428 257 3491 arbitratus
280 3448 318 3490 se
339 3427 374 3490 in
396 3425 537 3491 Galliam
557 3428 684 3512 recepit
704 3436 907 3575 pontemque
930 3425 1074 3490 rescidit.

122 3512 172 3578 20.
218 3511 368 3598 ¹Exigua
389 3519 484 3596 parte
506 3514 643 3577 aestatis
665 3513 794 3596 reique
820 3511 950 3587 Caesar,
985 3512 1047 3575 etsi
1080 3511 1113 3575 in

77 3596 131 3661 his
153 3597 247 3674 locis,
270 3597 364 3681 quod
385 3597 491 3661 omnis
518 3596 626 3662 Gallia
653 3595 698 3660 ad
727 3596 968 3680 septentriones
997 3597 1112 3682 vergit,

76 3691 225 3746 maturae
247 3692 325 3747 suut
357 3681 492 3758 hiemes,
519 3690 628 3747 tamen
655 3683 690 3746 in
716 3680 918 3744 Britanniam
946 3681 1113 3766 proficisci

77 3766 257 3844 contendit,
279 3766 372 3852 quod
395 3767 547 3835 omnibus
569 3765 638 3831 fere
664 3765 801 3830 Gallicis
831 3766 927 3830 bellis
956 3767 1112 3831 hostibus

76 3852 202 3916 nostris
229 3851 307 3917 inde
329 3853 576 3918 subministrata
613 3851 734 3916 auxilia
760 3851 974 3938 intelligebat,
998 3860 1040 3928 et,
1063 3852 1112 3916 ²si
