2468 4312
101 99 161 163 146
448 123 491 164 nr
513 123 615 165 nanno
638 123 775 167 eunuco

140 252 190 316 67.
234 252 380 319 Probata
401 278 437 320 re
459 265 558 342 atquo
581 259 732 323 omnibus
749 257 967 344 jurejurando
994 258 1120 324 adactis

96 348 233 422 postero
257 340 309 404 die
330 342 364 404 in
387 351 454 405 tres
477 360 588 426 partes
613 343 789 408 distributo
812 346 958 428 equitatu
977 345 1062 409 duae
1085 367 1122 410 sc

96 426 182 488 acies
207 427 247 489 ab
271 427 402 490 duobus
421 428 578 493 lateribus
591 430 779 503 ostendunt,
802 452 867 494 una
878 431 983 542 primo
996 431 1122 516 agmine

96 511 157 573 iter
179 512 335 596 impedire
357 514 474 597 coepit.
524 513 656 594 Quare
689 518 837 579 nunciata
872 520 994 582 taesar
1026 538 1122 580 suum

97 618 230 680 quoquc
263 600 441 681 equitatum
475 601 637 685 tripertito
671 602 812 665 divisum
845 612 960 666 contra
991 603 1122 667 hostem

97 684 143 746 ire
161 684 266 768 jubet.
311 684 479 770 Pugnatur
507 709 572 749 una
605 688 755 751 omuibus
778 688 810 750 in
833 690 991 772 partibus.
1037 688 1122 752 Con·

96 769 184 832 sistit
206 791 334 855 agmen:
359 771 589 855 impedimenta
621 775 706 837 inter
739 774 884 859 legiones
912 775 1122 860 recipiuntur.

97 855 132 919 Si
155 856 274 937 quain
297 866 390 940 parte
414 859 517 920 nostri
539 859 690 922 laborare
701 869 759 923 aut
768 861 900 944 gravius
910 860 1016 946 premi
1031 859 1121 925 vide·

97 942 224 1016 bantur,
247 963 287 1004 eo
309 943 403 1028 signa
425 942 545 1007 inferro
567 943 689 1008 Caesar
711 946 879 1030 aciemque
901 946 1057 1010 constitui
1068 947 1122 1031 ju·

97 1027 210 1101 bebat3
245 1049 329 1110 quae
362 1050 415 1091 res
450 1038 483 1091 et
504 1029 620 1094 hostes
644 1030 687 1094 ad
708 1032 946 1114 insequendum
968 1032 1122 1097 tardabat

97 1125 130 1175 et
151 1122 286 1176 nostros
310 1136 370 1198 spe
393 1115 502 1178 auxilii
526 1116 746 1180 confirmabat.
796 1117 945 1181 Tandem
969 1117 1122 1182 Germani

98 1199 139 1261 ab
162 1199 281 1262 dextro
305 1201 405 1264 latere
439 1223 598 1265 summum
627 1203 744 1288 jugum
776 1205 862 1267 nacti
895 1204 1011 1267 hostes
1047 1205 1120 1267 loco

99 1283 283 1370 depellunt3
305 1285 467 1371 fugientes
490 1309 596 1372 usque
619 1288 662 1351 ad
685 1287 811 1370 flumen,
834 1290 889 1353 ubi
908 1289 1120 1376 Vercingeto-

97 1373 148 1434 rix
171 1393 244 1434 cum
266 1373 476 1456 pedestribus
505 1375 609 1458 copiis
643 1375 846 1449 consederat
879 1385 1121 1460 persequuntur

98 1458 350 1542 compluresque
372 1459 576 1523 interficiunt.
625 1459 701 1539 Qua
727 1483 763 1524 re
792 1461 1021 1525 animadversa
1048 1461 1120 1524 reli·

97 1543 162 1628 qui,
185 1566 225 1607 ne
250 1545 502 1620 circumirentur,
526 1547 619 1609 veriti
631 1567 667 1609 se
682 1545 779 1631 fugae
800 1546 964 1611 mandant.
1011 1545 1120 1611 Omni·

98 1631 159 1693 bus
183 1631 266 1693 locis
288 1630 324 1693 fit
350 1631 477 1694 caedes.
528 1631 614 1695 Tres
644 1633 837 1696 nobilissimi
872 1633 1000 1697 Haedui
1034 1632 1122 1717 capti

97 1716 139 1778 ad
163 1715 335 1779 Caesarem
358 1717 596 1802 perducuntur:
620 1717 732 1792 Cotus,
754 1718 941 1804 praefectus
968 1720 1121 1802 equitum,

98 1803 153 1885 qui
178 1803 435 1866 controversiain
458 1826 531 1866 cum
555 1803 815 1868 Convictolitave
838 1806 996 1888 proximis
1023 1804 1122 1868 comi·

98 1889 152 1950 tiis
175 1887 341 1962 habuerat,
365 1898 397 1952 et
419 1888 611 1965 CavarilluS,
635 1891 689 1974 qui
713 1898 792 1974 post
820 1890 1036 1954 defectionem
1068 1891 1122 1953 lii·

99 1975 195 2036 tavici
229 1974 439 2057 pedestribus
474 1977 578 2060 copiis
612 1975 805 2060 praefuerat,
839 1989 871 2040 ct
903 1975 1121 2060 Eporedorix,

101 2081 166 2143 quo
190 2059 273 2122 duce
296 2073 370 2124 ante
393 2061 570 2124 adventum
582 2061 732 2126 Caesaris
750 2061 879 2127 Haedui
902 2084 975 2126 cum
997 2063 1122 2146 Sequa-

99 2147 149 2209 nis
172 2147 260 2210 bello
284 2147 527 2211 contenderant.

142 2234 191 2298 68.
235 2233 363 2319 Fugato
383 2235 469 2297 omni
487 2235 633 2318 equitatu
646 2233 895 2320 Vercingetorix
907 2234 1020 2318 copias
1033 2254 1121 2308 suae,

99 2326 136 2382 ut
157 2342 218 2406 pro
241 2321 358 2384 castris
382 2320 610 2396 collocaverat,
635 2320 768 2384 reduxit
797 2320 1011 2405 protinusque
1044 2319 1121 2383 Ale·

99 2408 189 2482 siam,
223 2407 314 2491 quod
348 2416 400 2469 est
432 2405 590 2490 oppidum
622 2406 884 2477 Mandubiorum,
916 2407 978 2468 iter
1014 2405 1121 2469 lacere

100 2494 209 2576 coepit
231 2493 445 2576 celeriterque
466 2491 695 2576 impedimenta
717 2514 759 2554 ex
781 2493 897 2555 castris
922 2491 1016 2555 educi
1039 2503 1122 2569 etse

100 2580 258 2662 subsequi
279 2579 390 2664 jussit.
446 2577 566 2641 Caesar
597 2577 837 2663 impedimentis
870 2579 904 2640 in
936 2577 1121 2661 proximum

100 2663 216 2729 collem
240 2663 391 2727 deductis
419 2663 547 2727 duabus
581 2664 765 2749 legionibus
798 2662 964 2747 praesidio
998 2663 1120 2726 relictis

100 2760 243 2823 secutus,
267 2760 422 2834 quantum
446 2749 509 2813 diei
531 2758 660 2834 tempus
684 2759 735 2813 est
756 2770 900 2834 passum,
923 2749 1050 2811 circiter
1065 2749 1122 2812 tri·

99 2838 162 2900 bus
184 2836 315 2899 milibus
338 2835 482 2899 hostium
505 2858 547 2899 ex
568 2835 749 2899 novissimo
784 2835 910 2921 agmine
941 2834 1120 2898 interfectis

98 2923 202 2985 altero
237 2921 290 2985 die
323 2921 366 2985 ad
397 2923 540 2985 Alesiam
563 2931 672 2985 castra
693 2921 777 2985 fecit.
821 2920 1002 3005 Perspecto
1026 2921 1120 2984 urbis

99 3009 164 3072 situ
176 3008 422 3093 perterritisque
434 3008 596 3080 hostibus,
619 3007 710 3092 quod
726 3008 880 3090 equitatu,
904 3027 969 3089 qua
982 3007 1121 3070 maxime

123 3103 191 3157 arte
215 3095 376 3157 exercitus
400 3093 616 3168 confidebant,
639 3104 730 3157 erant
748 3093 844 3177 pulsi,
867 3091 1062 3156 adhortatus
1078 3089 1122 3156 ad

97 3118 245 3246 laborem
268 3180 385 3243 milites
409 3179 652 3244 circumvallare
677 3179 825 3242 instituit.

141 3267 192 3331 69.
236 3266 347 3350 Ipsum
371 3276 441 3328 erat
463 3264 620 3350 oppidum
632 3264 744 3328 Alesia
765 3265 798 3327 in
820 3263 905 3327 colle
921 3283 1047 3328 summo
1063 3262 1121 3325 ad·

98 3354 231 3417 modum
254 3351 343 3416 edito
366 3351 451 3424 loco,
484 3361 521 3414 ut
553 3351 615 3413 nisi
649 3350 823 3415 obsidione
852 3349 1030 3434 expugnari
1054 3370 1121 3412 non

97 3462 200 3526 posse
223 3437 397 3501 videretur.
443 3435 545 3522 Cujus
569 3436 663 3499 collis
686 3435 815 3498 radices
840 3435 906 3498 duo
931 3435 1059 3498 duabus
1080 3457 1121 3499 ex

98 3527 247 3610 partibus
270 3522 401 3587 llumina
423 3523 628 3586 subluebant
673 3522 758 3586 Ante
780 3521 814 3584 id
838 3521 996 3606 oppidum
1018 3520 1122 3605 plani·

99 3613 160 3675 ties
185 3611 312 3674 circiter
333 3610 421 3673 milia
442 3629 600 3694 passuum
621 3608 686 3671 tria
706 3608 740 3670 in
761 3607 997 3693 longitudinem
1031 3615 1121 3690 pate·

99 3698 169 3762 bat:
191 3695 326 3780 reliquis
350 3717 392 3759 ex
414 3695 563 3759 omnibus
577 3694 736 3845 partibus
760 3694 863 3756 colles
885 3692 1042 3756 mediocri
1075 3692 1122 3755 in·

99 3783 236 3870 terjecto
259 3781 367 3868 spatio
389 3782 460 3867 pari
483 3781 576 3846 altitu
600 3780 663 3844 inis
684 3777 817 3865 fastigio
841 3777 999 3864 oppidum
1014 3780 1122 3865 cinge
