2468 4312
99 218 158 283 156
440 241 483 282 nr
504 240 607 282 sacro
630 239 765 283 amuco

95 393 134 435 ac
156 370 257 434 totius
281 370 344 436 diei
366 371 480 435 labore
502 372 619 436 milites
642 383 754 436 essent
776 369 907 445 defessi,
930 368 1116 433 omnesho-

96 457 193 520 stium
216 457 331 541 copiae
353 457 453 520 deleri
485 459 679 542 potuissent.
723 458 773 521 De
795 457 902 520 media
925 469 1021 519 noete
1041 457 1118 518 mis-

96 563 154 606 sus
178 543 341 625 equitatus
364 543 575 606 novissimum
599 565 712 628 agmen
729 543 955 626 consequitur;
979 563 1116 626 magnus

95 650 250 691 numerus
274 630 400 713 capitur
423 639 521 713 atque
543 629 747 701 interficitur;
781 628 898 712 reliqui
921 650 962 691 ex
984 626 1063 712 fuga
1084 628 1118 690 in

96 714 243 778 civitates
267 713 448 779 discedunt.

138 800 188 865 89.
232 799 373 863 Postero
403 799 455 863 die
478 799 729 885 Vercingetorix
761 799 899 862 concilio
933 806 1117 862 convocato

95 883 130 948 id
151 885 260 948 belluna
281 909 313 949 se
343 887 504 970 suscepisse
537 886 617 948 ¹uon
648 907 775 949 suarum
807 886 1033 963 necessitatium
1067 883 1120 946 sed

96 973 262 1033 commaticis
283 972 429 1035 libertatis
440 995 533 1035 caum
549 971 759 1044 demonstrat,
782 982 810 1034 et
830 973 974 1056 maniam
995 972 1035 1033 sit
1046 969 1118 1056 for·

95 1066 186 1120 tunae
208 1056 378 1127 cedendum.
413 1057 456 1120 ad
488 1069 645 1144 utrumque
675 1081 741 1120 rem
771 1080 802 1119 se
834 1057 895 1119 illis
917 1057 1033 1143 offerre,
1067 1078 1118 1117 seu

96 1153 191 1205 morte
212 1166 269 1206 saca
291 1145 442 1208 Rmnanis
463 1144 637 1229 satisfacere
667 1167 720 1206 seu
751 1143 851 1205 vicum
879 1143 999 1206 tradere
1020 1140 1118 1204 velint

96 1227 271 1292 Mittuntur
304 1228 345 1291 de
378 1229 429 1292 his
463 1231 562 1292 rebus
596 1227 640 1291 ad
673 1227 844 1292 Caesarem
868 1228 974 1313 legati.
1019 1227 1119 1289 dubet

98 1334 185 1377 arma
207 1313 302 1382 tradi.
325 1314 488 1399 principes
511 1313 658 1398 produci.
703 1314 779 1398 Ipse
801 1314 834 1376 in
855 1314 1034 1376 munitione
1057 1333 1118 1395 pro

98 1400 214 1463 castris
238 1399 403 1476 consedit3
426 1421 465 1463 eo
482 1399 583 1463 duces
606 1397 842 1483 producuntur.
886 1399 1120 1483 ²Vercingeto·

97 1485 147 1547 rix
170 1483 315 1549 deditur.
349 1507 437 1548 arma
469 1485 693 1569 projiciuntur.
748 1485 938 1548 Reservatis
974 1483 1120 1546 Haeduis

98 1578 196 1654 atque
219 1571 384 1642 Arvernis
407 1571 455 1633 ³si
477 1593 537 1654 per
559 1593 617 1634 eos
641 1571 788 1634 civitates
811 1591 1005 1655 recuperare
1042 1590 1120 1653 pos-

98 1666 158 1729 set,
181 1679 222 1720 cx
243 1658 378 1740 reliquis
402 1657 539 1740 captivis
562 1666 634 1719 toto
664 1657 819 1719 exercitui
853 1657 960 1740 capita
993 1655 1121 1739 singula

97 1743 240 1827 praedae
263 1743 391 1805 nomine
416 1742 589 1805 distribuit.

141 1827 190 1891 90.
236 1827 297 1891 His
320 1828 419 1890 rebus
442 1827 599 1891 confectis
628 1828 661 1890 in
695 1826 853 1890 Haeduos
887 1825 1120 1910 proficiscitur:

100 1912 283 1976 ¹civitatem
306 1914 429 1996 recipit.
474 1913 524 1976 Eo
547 1914 645 1998 legati
668 1914 708 1976 ab
731 1914 886 1978 Arvernis
910 1913 1010 1982 missi,
1038 1932 1122 1994 quae

97 1999 279 2082 imperaret
314 2020 351 2061 se
382 1997 528 2061 facturos
558 1999 761 2082 pollicentur.
806 1999 947 2082 Imperat
968 2018 1121 2082 magnum

98 2105 266 2147 numerum
289 2083 450 2147 obsidum.
495 2084 656 2168 Legiones
679 2085 710 2147 in
734 2083 871 2147 hiberna
899 2084 1003 2146 mittit.
1061 2082 1121 2145 Ca·

98 2170 262 2253 ptivorum
296 2170 423 2232 circiter
444 2193 491 2232 xx
513 2170 599 2232 milia.
621 2169 768 2233 Haeduis
792 2170 1014 2251 Arvernisque
1047 2167 1122 2231 red·

100 2253 156 2318 dit.
200 2255 239 2318 T.
263 2255 442 2319 Labienum
466 2255 593 2318 duabus
617 2276 690 2318 cum
712 2255 895 2337 legionibus
919 2262 951 2317 et
975 2255 1121 2337 equitatu

100 2341 133 2403 in
166 2339 337 2424 Sequanos
371 2341 534 2425 proficisci
563 2342 673 2424 jubet3
707 2334 782 2403 huic
815 2340 858 2403 M.
893 2339 1122 2423 Sempronium

99 2425 243 2489 Rutilum
260 2427 414 2490 attribuit.
461 2425 494 2489 C.
517 2426 651 2490 Fabium
675 2427 815 2510 legatum
839 2439 872 2488 et
893 2425 928 2488 L.
943 2426 1121 2488 Minucium

99 2511 242 2575 Basilum
266 2534 338 2576 cum
361 2513 545 2597 legionibus
569 2512 697 2576 duabus
719 2512 752 2574 in
775 2511 885 2575 Remis
909 2512 1121 2584 collocatus

100 2618 196 2681 quarn
219 2599 259 2661 ab
282 2598 423 2661 finitimis
446 2598 631 2662 Bellovacis
654 2597 867 2661 calamitatem
889 2595 1058 2680 accipiant.
1087 2594 1121 2657 C.

100 2684 275 2746 Antistium
297 2683 456 2768 Reginum
477 2685 511 2747 in
533 2685 771 2755 Ambivaretos‚
794 2683 833 2745 T.
857 2682 1005 2746 Sextium
1019 2682 1052 2743 in
1067 2681 1122 2743 Bi·

99 2769 231 2846 turiges,
256 2768 289 2833 C.
313 2768 478 2833 Caninium
503 2770 652 2833 Rebilum
674 2770 708 2831 in
730 2769 877 2831 Rutenos
893 2789 966 2831 cum
982 2766 1121 2851 singulis

100 2854 282 2939 legionibus
305 2856 411 2918 mittit.
456 2855 494 2935 Q.
518 2854 664 2918 Tullium
686 2853 874 2916 Ciceronem
898 2861 929 2915 et
952 2852 987 2916 P.
1011 2851 1123 2935 Sulpi-

101 2938 183 3002 cium
208 2939 367 3004 Cabilloni
390 2951 422 3004 et
444 2941 627 3004 Matiscone
648 2941 680 3003 in
704 2938 850 3002 Haeduis
873 2938 914 3001 ad
933 2938 1059 3000 Ararim
1074 2939 1123 3000 rei

100 3024 326 3088 frumentariae
348 3048 447 3090 causa
480 3027 630 3090 collocat.
686 3024 761 3109 Ipse
793 3024 945 3087 Bibracte
979 3023 1123 3085 hiemare

101 3110 277 3174 constituit.
332 3111 413 3174 ²His
447 3112 563 3176 litteris
598 3111 735 3196 cognitis
769 3109 892 3173 Romae
927 3108 1055 3172 dierum
1076 3130 1124 3170 xx

100 3196 295 3281 supplicatio
318 3197 474 3260 redditur.
