2468 4312
100 212 120 278 2
448 235 491 276 nn
513 235 615 276 annno
640 233 777 277 omniuo

144 364 172 429 2.
217 363 319 450 Apud
340 364 512 430 Helvetios
534 364 592 428 lon
616 387 634 428 e
656 365 900 430 ¹nobilissimus
932 366 995 432 fuit
1026 377 1060 432 et
1086 368 1134 434 di·

100 450 247 514 tissimus
271 449 456 537 Orgetorix.
493 451 526 515 Is
550 451 563 488 ²
607 499 614 513 .
637 451 784 515 Messala
803 461 836 515 et
853 452 897 515 M.
915 453 1039 517 Pisone
1057 476 1134 518 oon·

100 535 228 600 sulibus
252 535 362 622 8regni
394 535 573 620 eupiditate
608 535 764 600 inductus
790 537 1051 622 conjurationem
1075 560 1135 603 no·

99 621 236 686 bilitatis
258 620 337 685 feeit
360 630 392 686 et
414 621 536 685 civitati
558 621 758 704 ⁵persuasit,
786 629 823 685 ut
851 621 893 685 de
915 622 1035 687 finibus
1064 624 1134 689 suis
1173 666 1175 673 ·

99 705 194 770 ‘oum
231 707 383 771 omnibus
416 706 521 790 copiis
555 707 695 769 exirent:
729 706 884 790 perfacile
913 729 1003 784 esse,
1033 730 1135 793 quum

99 793 221 855 virtute
244 793 395 856 omnibus
442 799 640 865 raestarent,
664 792 765 855 totius
781 789 906 855 Galliae
922 794 1061 878 imperio
1073 816 1134 878 po·

99 877 161 941 tiri.
205 876 246 940 Id
267 876 333 940 hoe
354 813 482 940 facilius
501 877 547 939 eis
563 877 744 960 persuasit,
766 876 857 960 quod
880 877 1025 961 undique
1049 879 1135 943 ⁷loci

100 970 217 1026 natura
238 961 383 1026 Helvetii
405 962 625 1025 eontinentur:
648 983 713 1025 una
725 983 767 1024 ex
783 970 877 1046 parte
899 961 1031 1027 flumine
1045 963 1135 1028 Rhe·

99 1069 160 1117 no,
182 1046 342 1110 latissimo
366 1055 465 1129 atque
488 1045 664 1121 altissimo,
689 1048 744 1130 qui
767 1068 881 1132 agrum
902 1047 1092 1111 Helvetium
1115 1069 1135 1112 a

101 1130 271 1194 Germanis
296 1130 427 1205 dividit3
450 1130 553 1194 altera
575 1153 617 1194 ex
653 1139 722 1195 arte
733 1142 843 1195 monte
866 1131 946 1196 Jura
961 1133 1134 1210 altissimo

100 1217 156 1298 qui
180 1225 232 1279 est
252 1217 337 1280 inter
369 1215 543 1299 Sequanos
567 1223 600 1278 et
663 1217 815 1292 elvetios3
844 1219 941 1281 tertia
967 1219 1043 1281 lacu
1072 1218 1134 1282 Le-

98 1323 217 1364 manno
242 1309 275 1364 et
302 1299 433 1365 tlmnine
461 1300 641 1375 Rhodano,
671 1303 727 1384 qui
755 1303 957 1386 provinciam
984 1312 1134 1366 nostram

100 1387 141 1451 ab
165 1385 327 1450 Helvetiis
351 1386 477 1450 dividit.
507 1385 569 1449 His
581 1387 681 1449 rebus
698 1387 806 1462 fiebat,
829 1396 867 1451 ut
889 1396 923 1451 et
943 1389 1051 1451 minus
1066 1389 1134 1452 late

98 1480 297 1556 vagarentur
321 1480 354 1535 et
374 1473 481 1535 minus
492 1470 589 1534 facile
600 1471 743 1535 finitimis
766 1473 890 1537 bellum
911 1471 1031 1536 inferre
1055 1495 1133 1558 pos·

101 1566 189 1620 sent:
212 1556 298 1640 ⁸qua
313 1578 356 1619 ex
370 1564 464 1641 parte
485 1555 635 1620 homines
657 1557 804 1621 bellandi
816 1557 927 1642 cupidi
938 1579 1057 1644 magno
1075 1558 1134 1622 do·

100 1641 171 1704 lore
188 1641 420 1706 afficiebantur.
459 1641 526 1705 Pro
549 1641 757 1706 multitudine
780 1651 888 1706 autem
909 1643 1080 1707 hominum
1102 1652 1134 1708 et

99 1748 162 1810 pro
190 1727 295 1812 gloria
332 1727 412 1791 belli
440 1734 539 1810 atque
561 1726 763 1790 fortitudinis
787 1727 967 1813 langustos
991 1750 1028 1792 se
1051 1729 1133 1793 fines

100 1811 222 1875 habere
245 1811 495 1887 arbitrabantur,
518 1811 545 1849 ¹⁰
553 1813 609 1895 qui
630 1813 664 1875 in
685 1812 924 1898 longitudinem
945 1814 1034 1877 milia
1057 1836 1134 1899 pas·

101 1919 196 1960 suum
213 1917 302 1972 coxa,
324 1898 357 1959 in
381 1895 587 1960 latitudinem
609 1918 718 1958 cnxxx
739 1899 904 1981 patebant

143 1982 172 2045 3.
216 1981 278 2046 His
290 1982 390 2045 rebus
407 1981 561 2045 ¹adduoti
580 1989 612 2044 et
630 1983 824 2046 auctoritate
842 1981 1048 2068 Orgetorigis
1061 2005 1134 2067 per-

100 2067 180 2130 moti
203 2067 445 2130 constituerunt
468 2088 520 2141 ea,
558 2088 642 2150 quae
670 2067 713 2131 ad
741 2067 1017 2151 proficiscendum
1039 2067 1135 2152 ²per·

100 2153 254 2226 tinemut,
288 2173 492 2236 comparare,
520 2151 745 2236 jumentorum
768 2161 800 2216 et
833 2175 1001 2217 carrorum
1036 2174 1134 2236 quam

99 2238 275 2301 maximum
295 2258 465 2300 numerum
487 2243 651 2313 coemere,
675 2246 838 2302 sementes
862 2260 960 2324 quam
974 2239 1132 2303 maximas

99 2322 222 2398 faeere,
249 2329 287 2386 ut
313 2325 348 2386 in
374 2323 489 2386 itinere
518 2323 614 2407 copia
641 2321 793 2387 frumenti
822 2332 1030 2408 suppeteret,
1061 2346 1134 2388 oum

99 2409 259 2492 proximis
293 2409 479 2473 civitatibus
512 2429 628 2492 paoem
661 2417 694 2471 et
726 2409 898 2473 amicitiam
931 2409 1132 2472 confirmare.

99 2491 155 2558 Ad
177 2514 234 2557 eas
251 2514 306 2556 res
324 2492 544 2557 conficiendas
560 2493 725 2557 biennium
740 2494 803 2557 sibi
826 2494 906 2557 satis
930 2515 1006 2556 esse
1030 2493 1133 2558 duxe-

99 2585 190 2655 runt,
212 2579 246 2642 in
268 2579 398 2641 tertium
421 2599 540 2642 annum
555 2576 792 2662 profectionem
814 2578 907 2664 ³lege
930 2578 1132 2643 confirmant.

30 2669 33 2673 ’
99 2662 155 2727 Ad
178 2684 234 2726 eas
252 2683 306 2728 res
325 2662 545 2727 conficiendas
565 2661 743 2749 Orgetorix
764 2663 947 2749 *deligitur
991 2663 1025 2726 Is
1048 2663 1133 2729 ⁵sibi

99 2747 296 2833 legationem
311 2746 355 2812 ad
372 2749 520 2812 civitates
545 2749 700 2833 suscepit.
744 2748 783 2813 In
805 2771 845 2813 eo
868 2749 1132 2832 itinerepersua·

101 2832 159 2897 det
177 2831 324 2908 Castico,
347 2831 646 2897 Catamantaloedis
666 2833 744 2909 filio,
766 2833 931 2915 Sequano
955 2834 1050 2918 eujus
1075 2856 1132 2918 pa·

99 2926 150 2982 ter
171 2938 308 3004 regnum
329 2918 363 2980 in
388 2918 550 3000 Sequanis
573 2917 695 2981 multos
720 2940 824 2981 annos
847 2919 1035 2982 obtinuerat
1058 2928 1133 2982 eta

100 3011 218 3071 senatu
250 3001 368 3088 populi
388 3000 528 3065 Romani
551 3004 673 3067 anneus
697 3003 884 3088 appellatus
909 3010 993 3079 erat,
1022 3012 1060 3066 ut
1082 3025 1133 3067 re·

99 3109 199 3173 gnum
219 3089 253 3151 in
276 3087 408 3150 civitate
429 3107 490 3149 sna
518 3096 708 3172 oocuparet,
731 3087 831 3236 quOd
848 3102 953 3236 pater
974 3096 1050 3151 ante
1074 3088 1132 3152 ha-

98 3174 229 3248 buerat;
251 3173 394 3254 itemque
422 3169 615 3257 Dumnorigi
637 3172 728 3236 ⁰Hae
753 3194 813 3247 uo,
881 3171 943 3235 atri
964 3171 1132 3248 Divitiaoi,

100 3258 177 3342 ⁷qui
199 3279 239 3322 eo
262 3265 410 3340 tempore
441 3257 658 3341 principatum
683 3259 718 3320 in
746 3257 877 3321 civitate
900 3258 1072 3322 obtinebat
1094 3279 1132 3321 ae

98 3343 238 3407 maxime
259 3341 348 3426 plebi
371 3339 547 3425 ⁸aoceptus
571 3352 654 3418 erat,
676 3351 714 3407 ut
734 3343 822 3406 idem
845 3350 1035 3417 conaretur,
1083 3364 1133 3405 er-

99 3426 220 3491 suadet
244 3427 339 3510 eique
367 3425 465 3490 filiam
488 3448 581 3490 suam
603 3427 637 3490 in
658 3427 898 3491 matrimonium
922 3427 987 3490 dat.
1032 3363 1132 3492 ⁹ger,-

98 3510 194 3575 faeile
222 3509 312 3575 factu
348 3532 423 3575 esse
450 3511 515 3576 illis
544 3513 664 3595 probat
692 3521 812 3577 conata
843 3512 1016 3597 perficere,
1054 3534 1132 3596 pro·

97 3607 212 3681 pterea
234 3595 326 3680 quod
346 3597 420 3681 ipse
448 3618 528 3660 suae
557 3597 696 3661 civitatis
729 3598 900 3681 imperium
934 3597 1131 3661 obtenturus

99 3689 204 3744 esset:
231 3703 298 3745 non
315 3703 390 3746 esse
409 3680 559 3757 dubium,
583 3682 662 3764 quin
684 3683 786 3746 totius
812 3681 938 3746 Galbae
954 3681 1132 3766 plurimum

99 3765 241 3830 Helvetii
273 3775 427 3850 possent3
462 3787 499 3830 se
522 3766 591 3830 suis
614 3768 719 3851 copiis
742 3788 872 3850 suoque
895 3767 1042 3831 exercitu
1064 3767 1130 3830 illis

96 3871 199 3938 regna
226 3850 472 3915 conciliaturum
494 3851 673 3916 confirmat
717 3851 791 3916 Hae
813 3852 961 3916 oratione
994 3849 1132 3927 adducti
