2468 4312
124 209 165 274 70
476 227 519 270 na
540 228 643 273 cauno
666 184 827 273 aunco'*

123 373 178 429 tus
202 385 264 427 suo
288 384 324 426 se
346 362 422 425 loco
445 361 605 426 continuit
626 370 660 425 et
680 362 772 426 brevi
795 371 941 448 tempore
962 363 1148 428 intermisso

123 450 157 514 in
179 459 289 513 castra
309 447 456 533 legiones
478 446 619 512 reduxit.
667 446 755 512 Dum
782 448 865 512 haec
892 460 1057 534 geruntur,
1090 472 1149 513 no-

124 535 202 600 stris
236 535 387 598 omnibus
421 534 600 618 occupatis,
632 533 825 618 ‘quierant
852 534 884 597 in
912 536 999 620 agris
1021 535 1149 620 reliqui,

124 620 358 685 discesserunt
403 619 545 684 Secutae
567 627 644 683 suut
665 621 839 684 continuos
862 621 1049 705 complures
1077 621 1149 686 dics

124 713 347 791 tempestates,
380 705 485 790 ⁵quae
507 714 540 769 et
561 713 697 770 nostros
729 707 763 771 in
795 706 912 770 castris
946 707 1150 772 continerent

126 804 159 858 et
179 792 311 856 hostem
334 813 352 854 a
374 813 485 878 pugna
506 790 727 876 prohiberent.
769 791 900 856 Interim
922 793 1052 857 barbari
1068 815 1150 858 nun·

125 879 195 943 cios
218 879 250 941 in
273 899 386 941 omnes
398 887 511 962 partes
526 876 719 941 dimiserunt
740 879 1003 962 paucitatemque
1017 891 1149 942 nostro·

124 959 197 1031 ram
219 963 355 1027 militum
389 963 459 1026 suis
492 962 765 1048 praedicaverunt
786 973 827 1037 et,
853 973 974 1047 quanta
1006 965 1150 1050 praedae

124 1049 293 1115 faciendae
315 1058 414 1132 atque
436 1049 685 1134 inperpetuum
712 1047 784 1114 ⁰sui
816 1049 976 1114 liberandi
1008 1050 1149 1114 facultas

126 1135 268 1207 daretur,
290 1135 319 1197 si
340 1134 508 1198 Romanos
531 1135 649 1199 castris
664 1135 879 1219 expulissent,
902 1135 1150 1200 demonstrave-

125 1230 210 1286 runt.
255 1220 317 1283 His
339 1222 438 1285 rebus
462 1221 610 1284 celeriter
634 1241 752 1306 magna
783 1220 990 1286 multitudiue
1022 1221 1150 1308 pedita-

124 1317 179 1372 tus
204 1307 435 1390 equitatusque
458 1316 573 1370 coacta
595 1306 638 1370 ad
660 1319 769 1370 castra
790 1315 958 1370 venerunt.

168 1393 217 1456 35.
263 1390 392 1466 Caesar,
426 1393 488 1455 etsi
520 1391 616 1468 idem,
650 1391 742 1478 quod
773 1393 1000 1475 superioribus
1030 1391 1148 1457 diebus

125 1478 297 1552 acciderat,
320 1476 392 1540 fore
414 1476 556 1552 videbat,
577 1486 623 1553 ut,
646 1479 675 1542 si
697 1491 810 1542 essent
824 1478 939 1542 hostes
955 1479 1053 1563 pulsi,
1077 1478 1149 1542 ¹ce·

125 1565 252 1629 leritate
273 1564 453 1649 periculum
475 1563 662 1648 effugerent,
684 1573 792 1628 tamen
812 1574 929 1628 nactus
946 1565 1072 1647 equites
1088 1566 1150 1629 cir·

126 1651 206 1715 citer
238 1650 377 1734 triginta,
411 1671 497 1734 quos
532 1649 697 1714 Commius
719 1650 869 1724 Atrebas,
902 1649 945 1714 de
979 1671 1045 1734 quo
1074 1659 1150 1714 ante

126 1735 248 1802 dictum
271 1744 330 1804 est,
354 1757 465 1798 secum
488 1743 777 1820 transportaverat,
800 1736 947 1821 legiones
957 1736 991 1799 iu
1003 1737 1072 1799 acie
1087 1758 1149 1820 pro

126 1823 243 1887 eastris
267 1821 445 1885 constituit.
489 1820 693 1886 ²Commiss0
715 1821 842 1905 proelio
866 1819 988 1886 diutius
1017 1830 1149 1885 nostro·

126 1929 197 1973 rum
220 1907 356 1970 militum
388 1907 545 1991 impetum
576 1907 693 1972 hostes
715 1906 801 1971 ferre
822 1929 890 1971 uon
911 1916 1089 1991 potuerunt
1111 1929 1150 1971 ac

125 2002 219 2078 terga
242 2001 417 2056 verterunt.
461 1992 577 2072 ³Quoe
600 2000 692 2057 tanto
715 1993 823 2077 spatio
850 1993 962 2067 secuti,
993 2003 1150 2076 quantum

127 2101 226 2143 cursu
249 2087 282 2141 et
303 2078 427 2141 viribus
452 2078 580 2142 efficere
609 2089 796 2164 potueruut,
824 2079 1010 2163 complures
1040 2101 1081 2142 ex
1108 2079 1149 2142 iis

127 2164 326 2230 occiderunt.
350 2162 468 2227 deinde
491 2165 641 2229 omnibus
665 2165 762 2251 longe
784 2165 916 2249 lateque
930 2165 1086 2231 aedificiis
1102 2164 1150 2228 in·

127 2251 233 2315 censis
258 2271 295 2313 se
316 2250 349 2312 in
372 2258 480 2313 castra
502 2258 704 2334 receperunt.

170 2337 219 2399 36.
263 2335 391 2399 Eodem
414 2335 467 2398 die
490 2336 588 2421 legati
610 2337 651 2399 ab
674 2336 830 2400 hostibus
853 2336 944 2400 missi
966 2335 1009 2400 ad
1031 2335 1149 2400 Caesa-

125 2444 194 2486 rem
210 2422 251 2485 de
274 2442 355 2506 pace
377 2430 544 2485 venerunt.
589 2421 651 2486 His
675 2421 796 2486 Caesar
806 2444 974 2486 numerum
986 2422 1148 2495 obsidum,

127 2530 222 2592 quem
245 2515 319 2571 ante
342 2507 566 2591 imperaverat,
590 2506 790 2593 lduplicavit
801 2530 925 2591 eosque
937 2508 969 2571 iu
982 2507 1148 2571 continen-

126 2603 192 2658 tem
214 2593 334 2658 adduci
352 2593 464 2678 jussit,
487 2592 578 2678 quod
600 2594 784 2678 propinqua
808 2593 861 2657 die
884 2593 1078 2677 aequinoctii
1100 2593 1148 2656 in-

125 2680 226 2744 firmis
248 2680 386 2742 navibus
410 2678 526 2742 ²hiemi
548 2679 787 2764 navigationem
813 2679 1048 2764 subjiciendam
1080 2700 1147 2742 non

126 2766 339 2830 existimabat.
383 2765 460 2848 Ipse
481 2764 634 2828 idoneam
655 2773 883 2849 tempestatem
905 2775 1020 2828 nactus
1047 2764 1148 2849 paulo

151 2862 204 2914 ost
226 2850 364 2915 mediam
386 2859 516 2914 noctem
537 2871 639 2914 naves
662 2851 771 2926 solvit,
806 2872 889 2934 quae
912 2871 1026 2914 omnes
1058 2851 1148 2913 inco·

124 2874 229 3002 lhmes
252 2936 295 3000 ad
318 2936 535 3000 coutinentem
558 2944 791 3020 pervenerunt3
820 2936 880 3000 sed
907 2959 948 3000 ex
969 2937 1011 2999 iis
1034 2957 1149 2998 onera·

124 3024 191 3088 riae
215 3023 299 3087 duae
322 3021 464 3094 eosdem
494 3023 601 3106 ²quos
622 3022 747 3106 reliqui,
780 3031 898 3107 portus
931 3043 1049 3106 capere
1080 3043 1149 3086 nou

124 3119 303 3195 potuerunt
325 3117 358 3171 et
379 3107 479 3192 paulo
501 3107 585 3171 infra
608 3107 736 3172 delatae
756 3116 863 3172 suut.-

168 3194 217 3259 37.
263 3193 391 3274 Quibus
414 3215 455 3256 ex
477 3193 616 3257 navibus
639 3214 740 3278 quum
761 3202 875 3257 essent
902 3192 1045 3342 cippositi
1067 3192 1149 3256 mili-

124 3287 176 3344 tes
200 3281 327 3343 circiter
348 3279 484 3344 trecenti
507 3286 605 3362 atque
626 3280 661 3344 in
683 3292 791 3343 castra
813 3287 932 3343 conten
958 3287 1058 3349 erent,
1075 3278 1149 3341 Mo-

124 3366 194 3439 rini,
218 3387 304 3450 quos
328 3364 449 3428 Caesar
469 3365 502 3427 in
530 3364 731 3428 Britanniam
763 3364 976 3449 proficiscens
1008 3372 1148 3448 pacatos

124 3453 310 3536 reliquerat,
333 3472 393 3534 spe
415 3449 558 3535 praedae
581 3449 716 3515 adducti
737 3450 863 3535 ²primo
882 3472 951 3514 nou
972 3450 1018 3513 ita
1029 3470 1150 3534 magno

125 3559 259 3601 suorum
292 3557 428 3600 numero
461 3537 745 3600 circumsteterunt
776 3557 824 3608 ac,
857 3537 886 3599 si
914 3557 989 3599 sese
1010 3534 1148 3598 interfici

125 3623 258 3691 nollent,
281 3642 504 3705 armaponere
522 3620 703 3705 jusserunt.
747 3621 875 3701 ⁸Quum
897 3622 944 3685 illi
967 3619 1149 3684 orbefacto

125 3729 200 3771 sese
223 3707 446 3777 defenderent,
468 3706 616 3770 celeriter
637 3706 681 3771 ad
702 3705 878 3770 clamorem
899 3706 1065 3793 hominum
1087 3706 1148 3769 cir·

127 3795 207 3857 citer
228 3794 315 3857 milia
339 3814 398 3856 sex
421 3801 652 3858 convenerunt.
697 3790 829 3872 Quare
849 3793 1001 3856 nunciata
1027 3791 1148 3856 Caesar

125 3879 272 3944 ⁴omnem
296 3901 338 3944 ex
370 3878 487 3949 eastris
521 3878 701 3965 equitatum
722 3878 793 3943 suis
814 3878 935 3942 auxilio
957 3878 1053 3943 misit
1096 3877 1149 3944 lu·
