2468 4312
134 203 194 269 112
480 226 523 267 us
545 224 649 268 annno
672 224 809 269 snnmco

131 354 337 429 multitudine
359 353 558 420 circumfusa
574 378 637 441 pro
649 356 708 421 tali
720 355 865 421 facinore
878 355 979 441 stirps
992 377 1031 421 ae
1043 376 1166 421 nomen

131 442 273 541 civitatis
294 442 440 506 tollatur.
485 441 816 528 'Magnus-undique
839 464 995 506 numerus
1012 443 1165 506 celeriter

131 535 382 678 coppempmec
404 612 437 677 in
460 613 611 677 omnibus
633 611 827 678 Eburonum
844 614 994 698 partibus
1006 613 1165 699 gereban-

131 709 193 770 tur,
217 697 355 782 diesque
378 700 557 782 appetebat
578 698 748 782 septimus,
771 720 869 783 quem
887 698 930 762 ad
943 698 1029 763 diem
1041 697 1166 762 Caesar

130 784 175 847 ad
197 784 429 868 impedimenta
450 783 678 868 legionemque
699 785 821 849 reverti
842 786 1067 849 constituerat
1091 784 1165 859 Hic,

131 879 290 952 quant-um
316 870 350 932 in
378 867 468 933 bello
500 867 634 933 fortuna
665 871 775 953 possit
807 878 841 934 et
873 878 1017 954 quantos
1050 870 1167 934 afferat

132 977 239 1030 casus,
263 955 419 1039 cognosci
441 955 558 1038 potuit.
591 954 771 1039 Dissipatis
794 976 833 1018 ae
854 957 1037 1039 perterritis
1059 955 1166 1019 hosti-

131 1040 204 1112 bus,
226 1049 265 1105 ut
287 1041 593 1115 demonstravimus,
615 1061 732 1104 manus
755 1049 827 1104 erat
847 1041 947 1114 nulla
976 1062 1061 1124 quae
1088 1061 1166 1125 par·⁴

130 1148 205 1188 vam
229 1126 328 1189 modo
350 1146 485 1189 causam
505 1126 632 1189 timoris
655 1125 792 1190 afferret
815 1124 923 1189 Trans
946 1126 1097 1190 Rhenum
1120 1124 1165 1190 ad

132 1210 316 1275 Germanos
339 1211 489 1295 pervenit
509 1209 604 1286 fama,
628 1211 726 1295 diripi
747 1211 923 1277 Eburones
946 1220 1046 1296 atque
1074 1212 1164 1276 ultro

131 1318 246 1360 omncs
270 1297 313 1360 ad
335 1295 493 1381 praedam
515 1297 654 1360 evocari.
688 1295 820 1382 Cogunt
838 1298 985 1380 equitum
996 1296 1167 1361 duomilia

132 1381 315 1467 Sugambri,
339 1383 396 1466 qui
418 1389 497 1445 sunt
517 1382 660 1466 proximi
682 1381 810 1456 Rhene,
833 1404 853 1447 a
875 1384 1164 1467 quibusreeeptos

131 1488 175 1532 ex
184 1467 263 1552 fuga
274 1467 459 1531 Tencteros
471 1476 571 1549 aulus
582 1466 738 1551 Usipetes
750 1489 852 1552 supra
864 1468 1046 1539 docuimus
1057 1476 1166 1531 trans·

132 1562 210 1617 eunt
231 1553 381 1617 Rhenum
405 1553 544 1616 navibus
567 1554 761 1637 ratibusque
782 1555 915 1638 triginta
936 1554 1068 1617 milibus
1087 1574 1166 1637 pas·

130 1660 227 1702 suum
248 1638 333 1703 infra
355 1660 429 1701 eum
451 1637 569 1713 locum,
592 1637 668 1702 ²ubi
689 1659 776 1722 pons
799 1647 869 1702 erat
891 1637 1058 1722 perfectus
1071 1660 1166 1722 prae·

131 1724 318 1808 sidiumque
340 1725 381 1788 ab
406 1723 547 1786 Caesare
558 1724 722 1799 relictum3
739 1725 863 1809 primos
875 1724 1069 1789 Eburonum
1081 1723 1164 1787 lines

130 1808 262 1884 adeunt,
291 1810 413 1872 multos
442 1831 485 1873 ex
515 1808 595 1895 suga
628 1809 800 1893 dispersos
833 1809 1009 1892 excipiunt,
1043 1830 1164 1894 magno

131 1896 263 1979 peeoris
284 1916 430 1968 numero,
454 1895 548 1980 cujus
572 1902 650 1957 sunt
672 1894 876 1978 cupidissimi
904 1895 1044 1969 barbari,
1079 1894 1165 1978 poti·

131 1993 237 2045 untur.
283 1980 412 2043 Invitati
442 1979 567 2063 praeda
598 1979 731 2064 lougius
764 1979 965 2064 procedunt;
997 2001 1065 2043 non
1097 1979 1163 2043 hos

131 2066 227 2150 palus
249 2065 283 2128 in
305 2065 394 2129 bello
416 2064 663 2147 latrociniisque
683 2073 790 2139 natos,
813 2086 879 2129 non
903 2065 1007 2129 silvae
1034 2085 1165 2128 moran·

131 2164 199 2223 tnr3
223 2151 343 2235 quibus
365 2151 399 2213 in
421 2150 503 2213 locis
527 2151 571 2213 sit
594 2150 723 2224 Caesar,
746 2171 788 2212 ex
811 2150 951 2235 captivis
985 2156 1163 2233 quaeruntr

130 2235 316 2320 profectum
338 2235 468 2321 longius
491 2235 660 2319 reperiunt
681 2256 876 2319 omnemque
898 2237 1077 2299 exercitum
1096 2235 1165 2299 dis-

132 2323 276 2385 cessisse
304 2330 517 2402 cognoscunt.
561 2320 694 2404 ³At-que
714 2341 864 2386 unusex
898 2321 1047 2404 captivis,
1081 2321 1167 2399 Quid

130 2430 189 2486 aar,
213 2408 326 2492 inquit,
351 2408 432 2470 lianc
452 2409 598 2469 marrona
620 2426 658 2470 aa
679 2417 795 2469 tenuem
822 2407 982 2470 sectamini
997 2407 1163 2491 praedam,

131 2494 240 2579 petibus
261 2494 330 2556 lieet
342 2495 414 2575 y'ctm
436 2514 497 2556 esse
509 2489 793 2578 fortunatissimos?
818 2494 848 2556 T
843 2494 930 2555 ritae
950 2492 1034 2555 doris
1055 2493 1165 2555 Adua-

131 2580 356 2641 (teramnanae
372 2580 514 2663 potestie5
534 2577 593 2640 late
614 2599 716 2640 ornnes
739 2600 812 2640 naas
834 2578 984 2663 sortienda
1018 2579 1167 2641 maana

131 2666 344 2728 Romanorum
365 2664 506 2744 condilit5
526 2665 540 2702 ⁴
542 2664 699 2747 praesidii
725 2673 841 2726 laadan
864 2673 912 2745 ert,
945 2674 980 2726 ut
998 2686 1036 2726 ne
1058 2685 1166 2726 marma

131 2750 254 2837 paridem
275 2751 358 2832 einqt'
374 2751 589 2834 possitneque
609 2750 771 2836 promtam
792 2749 894 2833 egredi
915 2759 1002 2812 extra
1018 2749 1164 2812 ennodio·

130 2858 183 2897 aar
206 2834 325 2897 eradent.
372 2834 495 2897 Oblata
528 2854 588 2918 spe
621 2832 784 2907 Germani,
819 2855 916 2919 quam
950 2835 1037 2897 nacti
1071 2842 1166 2897 erant

130 2920 350 3004 praedarum
374 2919 505 2982 occulto
528 2919 731 3002 relinquunt3
753 2919 818 3002 ipsi
847 2919 1053 2983 Aduatucam
1086 2939 1165 2982 oon·

131 3004 271 3068 tendunt
298 3006 350 3068 usi
379 3004 495 3068 eodem
525 3004 618 3080 duce,
645 3004 741 3088 cujus
771 3003 852 3069 haee
885 3004 1006 3068 indicio
1041 3022 1166 3088 cogno·

131 3099 254 3153 verant.
1121 3106 1123 3110 ·

172 3177 223 3240 36.
269 3174 392 3249 Cicero,
417 3175 494 3259 lqui
517 3195 630 3237 omnen
658 3173 849 3258 superiores
883 3170 954 3237 dies
976 3174 1165 3259 praeceptis

131 3260 282 3325 Caesaris
306 3282 379 3324 cum
402 3280 530 3323 summa
551 3259 719 3344 diligentia
739 3258 860 3322 milites
881 3258 916 3321 in
943 3260 1062 3323 castris
1086 3280 1166 3323 con·

130 3348 285 3411 tinuisset
307 3368 345 3410 ao
368 3368 408 3408 ne
431 3345 580 3408 calonem
603 3344 736 3428 quidem
758 3364 955 3428 quemquam
978 3353 1073 3408 extra
1094 3365 1165 3409 mu·

130 3434 287 3497 ultionem
309 3429 422 3515 egredi
468 3451 566 3493 assus
590 3438 688 3501 esset,
712 3430 853 3513 septimo
877 3428 1107 3509 diediflidens,
1121 3428 1164 3495 de

130 3540 265 3583 nurnero
289 3511 415 3581 dierum
438 3451 612 3578 Eaesarem
634 3514 732 3578 fidem
754 3523 969 3588 servaturum,
988 3513 1165 3598 qnodlon·

131 3605 203 3667 cius
227 3621 440 3688 progressum
462 3600 618 3664 audiebat
638 3620 746 3684 neque
773 3599 841 3662 ulla
873 3597 917 3662 de
949 3599 1022 3684 ejus
1054 3599 1164 3664 reditu

129 3653 217 3754 ianra
238 3687 442 3761 afferebatur,
466 3686 562 3749 simul
584 3704 698 3748 eorum
721 3692 891 3769 permotus
923 3686 1073 3759 vocibus
1107 3684 1165 3769 qui

130 3773 219 3837 illius
251 3772 440 3856 patientiam
472 3792 577 3855 paene
611 3770 839 3833 obsessionem
879 3770 1101 3854 appellabant„
1134 3769 1164 3832 si

133 3858 265 3942 quidem
288 3877 330 3921 ex
352 3857 471 3920 eastris
494 3854 606 3942 egredi
627 3876 695 3920 non
716 3855 837 3931 liceret,
860 3854 985 3918 nullum
999 3853 1163 3941 ejusmodi
