2468 4312
461 254 522 297 nm.
546 254 566 296 1.
590 253 658 298 cnr.
682 231 776 297 2-6.
1116 233 1136 296 3

96 389 188 454 inter
207 410 244 452 se
265 388 363 451 fidem
386 395 418 452 et
435 387 668 473 jusjurandum
692 386 772 449 dant
795 392 828 450 et
849 406 951 471 regno
975 395 1137 471 occupato

97 496 163 559 per
186 483 254 537 tres
283 475 532 558 potentissimos
562 495 600 537 ac
622 473 828 537 firmissimos
857 472 1004 556 populos
1032 473 1136 536 totius

99 559 232 625 Galliae
255 581 330 623 sese
352 560 453 643 potiri
500 580 578 622 osse
601 565 744 642 sperant.

146 646 176 708 4.
222 643 292 708 ¹Ea
313 667 367 707 res
396 653 447 707 est
509 645 636 708 elvetiis
666 643 679 681 ²
687 664 746 728 per
773 641 929 706 indicium
957 643 1138 707 enunciata.
1218 688 1222 695 ·

99 730 274 794 ⁸Moribus
297 731 367 793 suis
392 727 620 814 Orgetorigem
649 750 690 791 ex
712 728 851 792 vinculis
870 749 1003 791 eausam
1030 728 1138 792 dicere

99 821 292 900 coegerunt.
337 814 554 877 ⁵Damnatum
590 835 731 898 poenam
759 813 852 897 sequi
883 815 1073 897 oportebat,
1102 821 1140 878 ut

98 901 170 986 igni
192 908 399 964 cremaretur.
445 899 527 963 “Die
550 901 729 962 constituta
755 919 874 962 causae
897 899 1051 963 dictionis
1076 898 1139 962 Or-

99 986 234 1071 getorix
256 984 299 1048 ad
316 984 478 1070 judicium
501 1006 630 1047 omnem
659 1005 751 1047 suam
774 982 961 1056 'familiam
991 984 1056 1047 ⁸ad
1077 985 1138 1049 ho·

100 1072 226 1134 minum
248 1071 336 1133 milia
359 1071 482 1146 decem,
505 1070 651 1154 undique
674 1069 786 1154 coligit
806 1077 839 1132 et
862 1091 975 1133 omnes
1000 1071 1137 1133 clientes

100 1157 349 1238 obaeratosque
372 1177 467 1231 suos,
497 1157 637 1239 quorum
666 1176 818 1240 magnum
846 1177 1016 1217 numerum
1038 1154 1138 1219 habc-

100 1243 173 1306 bat,
197 1239 314 1303 eodem
337 1240 508 1304 conduxit:
531 1262 592 1325 per
614 1262 681 1316 eos,
704 1261 746 1303 ne
770 1262 901 1304 causam
926 1239 1058 1312 diceret,
1081 1240 1139 1304 lse

103 1327 233 1409 eripuit.
279 1324 386 1405 Quum
410 1326 535 1400 civitae,
560 1326 603 1390 ob
627 1347 698 1389 eam
718 1347 788 1388 rem
802 1326 944 1401 incitata,
969 1326 1067 1388 armis
1080 1325 1138 1410 jus

103 1433 200 1475 suum
225 1410 395 1509 ¹⁰exsequi
424 1422 613 1486 conaretur,
641 1410 948 1494 multitudinemque
970 1411 1140 1474 hominum

104 1518 147 1559 cx
170 1497 256 1582 agris
279 1504 491 1582 magistratus
515 1507 680 1582 cogerent,
704 1494 883 1581 Orgetorix
904 1505 1055 1560 mortuus
1072 1504 1138 1570 est3

105 1582 246 1665 llneque
274 1583 370 1646 abest
392 1583 554 1666 suspicio,
588 1590 625 1645 ut
647 1582 791 1646 Helvetii
814 1582 1026 1657 arbitrantur,
1061 1581 1139 1664 quin

106 1667 178 1751 ipse
201 1667 264 1730 sibi
285 1676 424 1731 mortem
447 1668 652 1731 consciverit.

149 1752 177 1814 5.
222 1752 306 1815 Post
329 1753 399 1838 ejus
423 1763 559 1816 mortem
573 1753 675 1815 nihilo
689 1753 795 1814 minus
819 1751 963 1814 Helvetii
984 1749 1029 1825 id,
1045 1750 1137 1834 quod

105 1837 353 1912 constituerant,
374 1838 483 1902 facere
501 1848 670 1912 conantur,
693 1838 750 1900 ¹ut
762 1858 779 1900 e
791 1837 910 1900 finibus
924 1838 993 1900 suis
1011 1844 1137 1899 exeant.

104 1920 171 1986 Ubi
204 1921 265 1983 'am
294 1944 330 1986 sc
358 1922 401 1986 ad
429 1945 501 1986 eam
528 1945 597 1986 rem
619 1931 754 2007 paratos
778 1944 853 1986 esse
876 1923 1023 1986 arbitrati
1046 1931 1139 1998 sunt,

105 1943 231 2091 oppida
253 2029 314 2070 sua
336 2009 452 2084 omnia,
475 2030 611 2071 numero
624 2008 667 2071 ad
680 2007 864 2082 duodecim,
886 2009 979 2070 vicos
1003 2007 1047 2070 ad
1060 2029 1139 2091 qua·

105 2091 315 2175 dringentOS,
352 2093 500 2178 ²reliqua
522 2094 651 2177 privata
673 2092 821 2156 aedificia
848 2092 1043 2168 incendunt,
1072 2091 1140 2156 fru-

103 2186 249 2239 mentum
284 2199 392 2252 omne,
429 2187 659 2262 praeterquam
693 2176 785 2262 quod
822 2199 935 2241 secum
975 2177 1139 2262 portaturi

104 2270 206 2335 erant,
231 2263 434 2337 comburunt,
456 2271 508 2339 ut,
530 2263 684 2327 ⁴domum
706 2262 878 2326 reditionis
909 2284 970 2346 spe
993 2263 1139 2338 sublata,

104 2348 290 2470 paratiores
313 2346 357 2410 ad
380 2349 488 2411 omnia
509 2347 657 2432 pericula
678 2347 851 2412 subeunda
885 2356 1012 2423 essent3
1042 2349 1139 2411 trium

124 2432 284 2495 mensium
318 2432 433 2496 molita
470 2434 590 2496 cibaria
614 2433 676 2496 sibi
700 2454 862 2517 quemque
896 2433 995 2497 domo
1025 2433 1140 2498 efferre

100 2517 228 2602 jubent.
272 2517 481 2581 Persuadent
502 2518 661 2582 Rauracis
685 2526 719 2582 et
740 2517 892 2604 Tulingis
927 2526 960 2582 et
987 2519 1139 2582 Latobri-

103 2603 155 2687 gis
179 2602 338 2677 finitimis,
361 2604 424 2678 uti,
449 2603 566 2667 eodem
588 2605 640 2667 usi
663 2604 817 2679 consilio,
842 2604 975 2688 oppidis
999 2605 1068 2668 suis
1092 2607 1139 2668 vi-

104 2687 220 2769 cisque
243 2689 369 2750 exustis
392 2710 458 2752 una
479 2688 573 2752 lcum
595 2690 635 2751 iis
658 2689 921 2773 proficiscantur,
951 2689 1139 2774 Bojosque,

105 2773 161 2857 qui
194 2782 286 2835 trans
319 2771 472 2837 Rhenum
499 2775 705 2837 incoluerant
734 2774 821 2837 etin
844 2796 957 2859 agrum
980 2776 1138 2840 Noricum

104 2857 302 2920 transierant
328 2859 549 2941 Noreiamque
572 2868 816 2944 oppugnarant,
840 2859 1012 2943 ⁷receptos
1036 2860 1079 2924 ad
1102 2881 1139 2922 se

105 2942 217 3004 socios
242 2943 306 3006 sibi
328 2942 527 3007 adsciscunt.

147 3026 175 3088 6.
220 3026 325 3089 Erant
337 3028 468 3091 omnino
491 3029 608 3091 itinera
632 3027 708 3103 duc,
732 3028 872 3111 lquibus
893 3029 1063 3092 itineribus
1077 3027 1138 3092 do·

103 3132 159 3173 mo
183 3112 272 3174 exire
294 3121 449 3195 possent:
472 3136 573 3176 unum
595 3135 655 3197 per
678 3113 867 3196 Sequanos,
896 3123 1071 3199 angustum
1100 3122 1139 3176 ‘ct

105 3193 254 3270 difficile,
286 3197 371 3261 inter
403 3206 548 3261 montem
580 3197 693 3261 duram
716 3208 749 3262 et
771 3197 891 3261 flumen
923 3199 1138 3272 Rhodanum,

104 3280 183 3341 ²vix
206 3300 271 3362 qua
292 3281 342 3344 sin
366 3282 412 3345 uli
435 3283 518 3345 carri
541 3283 753 3359 ‹lucerentur3
777 3306 872 3346 mons
901 3295 1009 3347 autem
1047 3283 1138 3347 altis-

104 3365 207 3428 simus
230 3303 454 3450 impendebat,
487 3377 525 3432 ut
552 3368 648 3431 facile
681 3370 839 3453 perpauci
860 3370 1036 3453 prohibere
1059 3390 1137 3452 pos-

104 3458 193 3514 sent:
218 3450 354 3514 alterum
378 3473 437 3536 per
459 3453 661 3536 provinciam
684 3463 846 3528 nostram,
875 3454 978 3515 multo
1002 3452 1136 3515 ¹facilius

103 3544 203 3618 atque
227 3536 424 3619 expeditius
446 3546 623 3621 propterea
648 3538 740 3622 quod
761 3540 846 3602 inter
868 3538 949 3600 fines
967 3536 1137 3600 Helvetio-

103 3641 176 3683 rum
200 3629 233 3682 ct
254 3621 482 3707 Allobrogum,
507 3623 563 3705 qui
584 3646 690 3708 nuper
702 3625 810 3708 pacati
828 3629 927 3691 erant.
951 3621 1135 3686 Rhodanus

103 3703 176 3768 fluit
197 3705 293 3789 isque
308 3707 474 3770 nonnullis
498 3707 581 3771 locis
605 3708 711 3772 ³vado
734 3708 899 3770 transitur.
944 3705 1136 3770 Extremum

104 3788 265 3873 oppidum
296 3790 516 3876 Allobrogum
545 3801 597 3856 est
625 3792 874 3876 proximumque
908 3791 1135 3856 Helvetiorum

103 3873 225 3938 finibus
249 3873 374 3939 Genua
417 3875 472 3940 Ex
494 3897 533 3941 eo
558 3877 683 3961 oppido
705 3897 793 3960 pons
816 3876 860 3941 ad
871 3877 1046 3944 Helvetios
1062 3899 1136 3962 per·
