2468 4312
127 219 169 285 62
480 241 523 282 nr
546 241 649 283 ranae
672 241 811 284 cannaco

127 374 345 460 postularent
369 393 437 447 eos,
461 373 518 457 qui
532 373 593 437 sibi
611 370 803 456 Galliaeque
824 374 947 437 bellum
961 374 1160 449 intulissent,

128 460 191 523 sibi
214 458 381 533 dederent,
404 458 662 542 responderunt:
690 458 807 542 Populi
833 461 970 523 Romani
996 461 1161 544 imperium

126 545 269 611 Rbeatam
281 545 396 634 flaire;
416 545 445 606 si
464 566 496 607 se
517 545 611 606 inodo
635 543 806 607 Germanos
827 546 862 607 la
891 544 1031 608 Galliam
1058 556 1160 608 occs-

127 633 175 694 t're
195 652 258 692 noa
290 651 421 716 aequam
449 631 642 704 eabtimaret,
669 629 747 691 ⁴ouo
767 632 816 692 aci
837 632 1000 764 quicquam
1022 654 1082 694 esse
1103 632 1160 693 im-

121 718 208 800 perii
230 725 284 778 aet
298 715 552 799 potestatistraas
568 714 710 778 Rhenum
725 715 908 799 postularet.
944 715 1019 779 Ubii
1041 725 1160 790 autem,

127 802 184 884 qui
207 800 262 863 uni
285 821 326 862 ex
348 798 612 862 Transrhenanis
635 800 679 862 ad
701 799 876 862 Caesarem
905 800 1033 885 legatos
1063 802 1160 863 mise·

125 894 208 959 rant,
232 885 403 948 amicitiam
424 882 578 958 fecerant,
602 883 739 948 obsides
762 884 931 958 dederant,
961 907 1160 969 magnopere

127 971 275 1043 orabant,
296 980 330 1032 ut
349 970 409 1032 stoi
431 969 583 1032 eamdem
595 969 702 1054 ferret,
725 969 808 1055 qaod
824 973 963 1053 pravior
991 971 1030 1034 ob
1052 970 1160 1034 Salonis

120 1065 352 1139 promerentem
384 1055 437 1134 ool,
471 1055 555 1117 alid
565 1054 676 1140 facero
698 1054 966 1138 ⁵occepctioat'boa
991 1058 1038 1117 rei
1053 1056 1159 1139 publi-

126 1160 181 1203 cae
196 1139 420 1224 prohiberetur,
443 1141 606 1202 causitum
636 1139 727 1202 modo
759 1140 901 1203 Itlteoum
921 1151 1159 1225 comportaret:

125 1225 161 1288 id
179 1226 240 1288 sibi
262 1224 306 1288 ad
326 1224 477 1287 auxilium
502 1247 644 1310 epotaque
675 1224 786 1310 reliqui
817 1227 961 1308 temporis
981 1227 1056 1289 sotis
1068 1226 1158 1311 sada·

125 1332 204 1373 ruta.
253 1311 385 1373 Tantum
406 1332 467 1372 esse
487 1332 597 1372 morea
619 1320 708 1394 atquc
729 1311 904 1393 opinionem
925 1313 988 1391 ejus
1013 1312 1159 1373 exercitas

124 1396 279 1460 nouato
295 1394 388 1479 palso
409 1405 438 1457 et
457 1394 513 1456 loc
540 1396 701 1457 coebaneo
729 1395 850 1478 proelio
873 1394 964 1480 facto
996 1397 1088 1458 etiam
1116 1394 1160 1457 od

125 1480 249 1543 adama
272 1479 500 1543 Gerasenorum
531 1481 676 1558 actiones,
710 1481 756 1542 uti
788 1481 933 1564 optatione
964 1491 993 1542 et
1020 1481 1160 1543 amicitia

119 1565 234 1649 populi
254 1566 393 1628 Rotnani
424 1566 480 1626 tati
512 1587 573 1627 ease
589 1566 717 1648 possint.
767 1564 908 1629 Navium
930 1585 1079 1650 magnam
1103 1586 1158 1628 ce-

123 1650 212 1734 piam
235 1648 279 1712 ad
300 1649 596 1732 transportandum
618 1649 799 1712 exercitum
821 1648 1071 1733 pollicebantur.

170 1735 217 1799 17.
263 1732 386 1797 Caesar
407 1732 460 1796 his
484 1733 526 1796 de
549 1733 669 1808 causis,
691 1754 775 1817 quas
798 1736 1059 1809 commemoravi,
1070 1732 1158 1797 Rhe·

123 1840 201 1881 num
223 1819 364 1882 transire
387 1817 588 1893 decreverat,
622 1817 683 1881 sed
716 1819 856 1883 navibus
889 1821 1029 1882 transire
1051 1840 1159 1903 neque

124 1904 206 1966 satis
228 1911 336 1967 tutum
359 1924 433 1966 esse
456 1903 685 1976 arbitrabatur,
718 1925 827 1987 neque
859 1925 940 1967 suae
967 1926 1075 1986 neque
1098 1927 1158 1988 po-

122 1988 193 2072 puli
216 1987 355 2051 Romani
388 1986 556 2072 dignitatis
592 2009 667 2051 csse
701 1990 876 2053 statuebat.
925 1989 1051 2072 ltaque,
1074 1989 1158 2052 ¹ctsi

124 2094 251 2136 smnma
273 2071 450 2136 difficultas
472 2071 614 2136 faciendi
626 2075 736 2156 pontis
749 2073 998 2157 proponebatur
1020 2084 1158 2158 propter

122 2157 338 2231 latitudinem,
360 2157 571 2240 rapiditatem
592 2158 863 2242 altitudinemque
876 2157 1025 2232 fluminis,
1049 2168 1157 2222 tamen

117 2242 158 2305 -id
181 2243 244 2306 sibi
266 2241 532 2306 contendendum
545 2251 603 2306 aut
614 2244 709 2306 aliter
720 2265 787 2306 non
809 2243 1048 2307 traducendum
1064 2265 1157 2306 exer·

122 2326 222 2391 citum
256 2329 472 2391 existimabat.
529 2328 703 2392 Rationem
736 2328 847 2412 pontis
881 2327 966 2391 hanc
1005 2329 1157 2392 instituit.

4 2434 8 2443 ·
121 2410 250 2498 ²Tigna
271 2413 348 2476 bina
370 2413 625 2496 sesquipedalia,
649 2412 782 2496 paulum
805 2415 846 2476 ab
875 2413 940 2475 imo
969 2423 1155 2497 praeacuta,

123 2495 272 2561 dimensa
306 2498 351 2561 ad
383 2497 590 2562 altitudinem
622 2497 781 2573 fluminis,
819 2498 993 2561 intervallo
1034 2498 1156 2583 pedum

122 2580 359 2646 duoruminter
381 2604 419 2646 sc
436 2584 607 2668 [ungebat
652 2583 764 2647 ³llaec
787 2605 888 2667 quum
910 2583 1155 2648 machinationi-

121 2668 185 2730 bus
209 2668 409 2731 immissam
431 2673 550 2731 lumen
577 2667 739 2732 defixerat
771 2668 966 2751 fistucisque
999 2668 1156 2753 adegerat

120 2773 188 2815 nou
211 2753 358 2816 sublicae
380 2753 481 2816 modo
505 2753 629 2817 directe
640 2752 684 2816 ad
696 2752 976 2838 perpendiculum,
1000 2753 1062 2817 sed
1076 2775 1154 2837 prc-

121 2859 162 2901 ne
186 2859 224 2900 ac
246 2837 407 2922 fastigata,
430 2848 467 2902 ut
489 2837 672 2902 secundum
683 2848 831 2902 naturam
847 2837 988 2901 fluminis
1003 2861 1155 2922 procum·

120 2923 245 2997 herent,
268 2923 321 2986 his
343 2923 420 2986 item
443 2925 608 2988 contraria
629 2924 697 2987 duo
720 2923 764 2987 ad
787 2922 926 2987 eundem
938 2924 1155 3009 modmnjun·

121 3016 175 3070 cta
196 3008 370 3072 intervallo
394 3008 516 3093 pedum
540 3008 788 3093 quadragenum
810 3010 852 3073 ab
880 3007 1035 3072 inferiore
1062 3018 1156 3093 parte

121 3100 237 3156 contra
259 3094 325 3156 vim
347 3101 447 3178 atque
469 3095 626 3178 impetum
648 3093 789 3158 lluminis
802 3114 964 3157 conversa
980 3096 1155 3158 statuebat.

119 3177 232 3241 ⁴llaec
261 3188 401 3262 utraque
433 3179 569 3264 insuper
606 3177 815 3263 bipedalibus
852 3179 1002 3243 trabibus
1035 3179 1156 3243 immis-

120 3262 176 3335 sis,
200 3273 357 3346 quantum
380 3286 493 3328 coriam
516 3265 679 3349 tignorum
696 3264 854 3349 junctura
876 3263 1036 3339 distabat,
1070 3265 1154 3328 binis

119 3349 282 3431 utrimque
305 3349 415 3413 fibulis
428 3351 470 3413 ab
494 3359 642 3413 extrema
664 3358 757 3433 parte
779 3348 1036 3423 distinebantur;
1065 3349 1156 3433 ⁵qui·

118 3433 183 3496 bus
207 3433 364 3497 disclusis
387 3441 487 3517 atque
508 3434 543 3496 in
564 3435 763 3501 contrariam
774 3443 902 3517 partem
913 3434 1068 3497 revinctis
1084 3444 1156 3497 tan·

119 3526 154 3580 ta
187 3528 257 3582 erat
289 3520 401 3603 operis
436 3518 603 3583 firmitudo
637 3528 737 3601 atque
760 3539 798 3582 ea
820 3539 928 3581 rerum
962 3531 1087 3594 natura,
1110 3527 1156 3592 ut,

120 3622 186 3684 quo
209 3603 314 3687 major
336 3605 387 3668 vis
410 3624 517 3687 aquae
540 3625 578 3667 se
600 3604 812 3675 incitavisset,
834 3602 1014 3667 hocartius
1029 3603 1157 3688 illigata

119 3692 316 3751 tenerentur.
360 3688 474 3753 “Haec
496 3688 624 3753 directa
644 3689 780 3752 materia
801 3687 924 3772 injecta
935 3690 1156 3763 contexeban-

120 3775 174 3832 tur
197 3778 230 3834 et
251 3772 411 3858 longuriis
435 3775 651 3857 cratibusque
674 3773 985 3849 consternebantur;
1019 3773 1079 3836 'ac
1108 3773 1157 3836 ni·

119 3853 189 3918 hilo
212 3857 321 3921 secius
355 3859 502 3924 sublicae
526 3866 560 3923 et
581 3857 626 3923 ad
645 3857 832 3922 inferiorem
859 3868 986 3943 partem
1014 3856 1155 3922 fluminis
