2468 4312
100 202 142 267 24
455 222 497 263 nr
519 220 622 263 estro
645 219 783 262 cituco

101 357 179 420 sieut
200 356 287 418 illam
309 366 453 418 rrostram.
503 355 541 418 Ut
560 355 623 438 ipsi
644 353 768 418 concedi
788 376 850 417 aaa
872 365 1027 438 oporteret,
1049 356 1077 417 si
1098 356 1133 418 ira

100 448 218 504 reostros
230 443 313 530 Jlaes
335 443 480 525 impetam
498 440 635 525 faceret:
662 441 707 502 sic
733 442 805 502 item
832 462 887 502 reos
915 463 975 503 esse
996 440 1132 525 iniquos,

102 528 154 612 qai
176 528 210 588 ire
231 547 286 588 sao
301 529 375 606 jare
388 525 700 608 seirtterpellaremas.
746 524 836 603 Quod
846 525 967 611 fratres
984 524 1133 588 Haeduos

103 611 273 694 appellatos
295 611 419 690 diceret,
448 632 511 673 rrore
538 633 569 672 se
597 620 661 672 tam
683 610 852 673 barbariem
872 632 969 695 aeque
990 621 1054 673 tam
1075 611 1133 672 im·

97 698 235 780 peritam
257 719 318 759 esse
338 717 450 774 reram,
474 706 509 756 at
528 717 590 757 aare
611 696 707 773 sciret,
729 717 826 781 aeque
841 695 916 758 bello
933 694 1134 778 Allobroyam

96 783 247 866 proaimo
269 780 417 844 Haeduos
437 782 590 843 Romanis
619 779 771 842 raciliam
799 781 900 843 tulisse
927 802 1023 866 rreqae
1051 782 1134 864 ipsos

102 869 136 928 irr
157 865 205 928 lris
227 866 477 943 coateatiorrr'bas,
507 887 585 951 qaas
605 864 737 930 Haedui
754 887 855 928 recma
876 876 905 928 et
924 887 994 928 ema
1015 864 1133 951 Sequa-

93 952 151 1012 'm's
172 951 351 1030 habuissent,
376 951 494 1013 auxilio
506 950 621 1034 papali
631 951 769 1013 Romani
789 973 859 1013 asos
881 974 950 1013 esse.
994 949 1134 1014 ”Debere

102 1059 133 1098 se
154 1037 316 1119 suspicari,
338 1036 484 1098 simulata
508 1036 669 1098 Caesarem
692 1037 843 1115 amicitia,
867 1035 951 1121 qaod
971 1038 1135 1098 exercitam

103 1123 137 1183 iri
162 1120 270 1183 Gallia
291 1122 408 1200 lrabeat,
431 1122 480 1182 sai
502 1119 698 1204 opprimendi
720 1143 815 1183 caasa
836 1121 955 1183 trabere
1002 1121 1135 1199 Quinta

103 1205 227 1268 decedat
259 1216 348 1291 atque
380 1207 542 1268 exercitam
564 1205 694 1267 deducat
720 1229 757 1268 ee
784 1205 831 1268 lris
857 1206 1044 1288 repiorribas,
1073 1229 1136 1268 sese

104 1291 192 1354 illam
220 1313 282 1352 aaa
304 1313 367 1374 pro
397 1291 510 1369 amica,
541 1289 628 1352 ¹⁰sed
653 1289 734 1352 laste
760 1290 945 1354 habitarum.
998 1290 1135 1369 Quodsi

104 1397 173 1438 eam
194 1375 384 1461 interfecerit,
409 1375 545 1437 ”maltis
566 1397 628 1437 sese
641 1375 793 1438 aobilr'lras
808 1376 1065 1461 principibusque
1073 1397 1134 1459 po·

99 1461 173 1545 pali
193 1461 331 1523 Romani
350 1471 475 1543 pratum
503 1482 564 1522 esse
586 1459 766 1544 factarum:
798 1460 833 1522 id
858 1484 890 1523 se
919 1461 958 1523 ab
981 1462 1057 1544 ipsis
1072 1483 1136 1544 per

104 1567 208 1608 eoram
229 1547 356 1608 auaeios
379 1556 565 1628 carrrpertum
585 1545 711 1624 trahere,
740 1567 871 1631 quoram
904 1547 1040 1608 omaiam
1058 1566 1135 1628 pra·

104 1633 182 1693 tiam
204 1641 292 1716 atque
315 1632 484 1694 amicitiam
512 1633 574 1711 ejas
606 1640 700 1692 morte
727 1630 875 1693 redimere
891 1640 1000 1714 posset.
1047 1629 1138 1709 Quod

105 1718 133 1778 si
155 1715 367 1778 ¹²discessisset
387 1727 415 1778 et
435 1716 564 1778 liberam
580 1716 800 1799 possessionem
813 1715 937 1778 Galliae
957 1715 1017 1778 sibi
1037 1715 1136 1778 tradi·

106 1801 201 1879 disset,
224 1822 336 1883 mapao
357 1824 388 1862 se
409 1801 497 1862 illam
513 1802 657 1884 praemio
672 1811 939 1863 reraaaerataram
961 1810 989 1862 et
1009 1799 1136 1885 ¹³qaae-

107 1908 172 1947 cam
218 1909 233 1947 e
255 1886 334 1948 bella
352 1887 422 1968 peri
441 1886 540 1966 uellet,
568 1887 634 1947 siae
654 1885 717 1947 allo
740 1887 802 1966 ejas
824 1885 929 1948 labore
950 1895 978 1948 et
992 1885 1136 1968 periculo

107 1908 318 2054 conditarum.

149 2053 199 2118 45.
243 2054 351 2117 Multa
373 2055 414 2118 ab
434 2055 574 2119 Caesare
597 2056 649 2118 lin
662 2056 938 2119 eamsententiam
950 2055 1136 2130 dictasunt,

108 2160 210 2223 quare
231 2140 364 2224 negotio
389 2139 550 2204 desistere
571 2162 639 2204 non
661 2149 786 2224 posset,
811 2149 843 2204 et
864 2163 1070 2227 aequaeuam
1084 2163 1137 2203 rre-

108 2247 165 2311 qae
181 2225 295 2308 populi
316 2226 454 2288 Romani
476 2226 719 2289 eorrsaetadr'aem
742 2228 828 2310 pati,
856 2229 902 2288 ati
929 2227 1040 2310 optime
1075 2248 1137 2288 me·

34 2350 40 2357 -
106 2320 203 2372 reales
224 2311 320 2372 sorios
341 2310 500 2390 desereret,
523 2333 618 2396 aeque
639 2334 670 2373 se
683 2312 844 2393 judicare,
875 2310 1015 2374 Galliam
1032 2312 1138 2394 patim

107 2418 168 2458 esse
192 2395 340 2458 Ariouisti
360 2416 454 2481 qaam
470 2397 584 2479 papali
605 2397 750 2458 Rmrraai.
793 2397 883 2460 Bello
904 2407 1062 2480 saporatos
1077 2419 1138 2458 esse

106 2481 261 2543 Mamaos
282 2490 311 2541 et
329 2481 465 2542 Rutenos
485 2481 546 2543 ⁴ab
571 2481 605 2558 Q.
628 2481 889 2560 FabioMarrr'mo,
912 2482 1022 2566 quibas
1031 2502 1136 2564 popa·

107 2564 155 2626 las
181 2565 342 2626 Romanas
371 2564 550 2647 ⁵iprrooisset
575 2588 671 2651 aeque
698 2568 731 2628 iri
754 2568 952 2650 prouinciam
979 2566 1139 2648 redepisset

106 2670 202 2734 rreqae
234 2649 417 2732 stipemliam
450 2652 645 2734 imposuisset.
703 2650 793 2729 Quod
818 2653 846 2713 si
873 2650 1138 2737 6antiquissimam

107 2733 246 2820 quodque
257 2744 372 2816 tempas
389 2737 521 2818 spectari
543 2746 698 2819 oporteret,
716 2736 832 2819 popalr'
852 2737 989 2798 Rornarri
1002 2737 1137 2818 y'rrstissi·

106 2839 191 2880 mam
213 2841 274 2880 esse
295 2820 330 2879 ia
353 2818 461 2882 Gallia
483 2822 664 2904 imperium:
684 2821 712 2882 si
725 2820 882 2902 y'adicimrr
903 2821 1137 2884 seaatmobser·

107 2904 179 2966 uari
200 2913 362 2986 oporteret,
386 2903 514 2967 liberam
536 2903 642 2968 delae
664 2912 724 2967 esse
748 2905 901 2986 Galliam,
925 2905 1040 2991 ⁷qaam
1062 2905 1138 2969 hello

107 2989 221 3052 uictam
240 2989 305 3050 suis
326 2987 440 3071 lepidas
460 2992 506 3052 ati
526 2991 672 3053 calcaret.

151 3072 201 3135 46.
246 3071 334 3134 Dum
355 3073 437 3136 haec
459 3074 493 3136 in
515 3074 682 3157 colloquio
705 3082 878 3158 geruntur,
901 3074 1033 3138 Caesari
1054 3096 1137 3138 nun·

108 3156 229 3220 ciatum
251 3164 317 3232 est,
346 3160 474 3241 equites
501 3158 661 3222 Ariovisti
684 3159 842 3242 ¹propius
865 3161 1024 3223 tumulum
1046 3181 1138 3224 acce·

109 3241 188 3306 dere
212 3249 244 3305 ct
266 3241 466 3306 adnostros
490 3242 695 3327 adequitare,
718 3243 847 3327 lapides
870 3245 1002 3329 telaque
1023 3244 1058 3306 in
1078 3265 1137 3307 no-

108 3335 198 3390 stros
222 3327 392 3411 conjicere.
438 3326 559 3391 Caesar
580 3327 739 3412 loquendi
761 3328 857 3392 finem
879 3329 958 3394 facit
980 3326 1139 3412 sequcad

108 3433 190 3475 suos
212 3412 337 3495 recepit
360 3412 496 3494 suisque
517 3413 698 3496 imperavit,
720 3435 762 3476 ne
785 3413 1020 3497 quodomnino
1036 3414 1138 3477 telum

107 3495 140 3558 in
163 3497 280 3560 hostes
303 3496 483 3581 rejicerent.
528 3499 614 3562 Nam
635 3497 719 3562 ²etsi
742 3498 813 3561 sine
834 3499 904 3561 ullo
927 3499 1075 3582 periculo
1091 3498 1138 3562 le-

108 3581 214 3665 gionis
245 3580 392 3645 delectae
421 3603 494 3644 cum
524 3583 672 3665 equitatu
699 3583 862 3665 proelium
888 3583 960 3646 fore
988 3582 1139 3659 videbat3

108 3672 218 3728 tamen
240 3665 507 3730 committendum
528 3688 596 3730 non
617 3668 771 3750 putabat,
794 3675 831 3730 ut
852 3668 959 3751 pulsis
982 3667 1138 3732 hostibus

110 3747 175 3812 dici
196 3757 321 3832 posset,
345 3772 403 3813 eos
427 3753 468 3815 ab
491 3773 528 3815 se
550 3751 630 3836 ³per
651 3751 750 3815 fidem
771 3753 805 3815 in
819 3753 987 3835 colloquio
1003 3753 1139 3816 circum-

108 3840 237 3899 ventos.
281 3833 502 3920 Posteaquam
530 3837 563 3900 in
591 3836 712 3922 vulgus
748 3837 885 3901 militum
918 3837 1039 3901 elatum
1072 3844 1139 3912 est,
