2468 4312
99 210 158 276 148
440 229 482 271 nn
504 227 606 270 anano
633 224 769 269 asiarco

97 365 152 450 qui
174 386 240 428 non
261 363 436 448 paruerint,
459 361 642 436 constituit3
664 381 776 446 pecus,
799 358 893 445 eujus
916 377 1035 442 magna
1050 361 1122 419 erat

96 450 192 537 eopia
213 452 254 514 ab
277 449 465 514 Mandubiis
489 447 668 531 compulsa,
696 444 814 509 viritim
837 443 1019 516 distribuit3
1052 439 1121 505 fru÷

96 549 238 600 mentum
270 557 367 621 parce
401 544 434 598 et
466 533 622 618 paulatim
654 531 758 595 metiri
790 529 939 594 instituit.
997 526 1120 613 Copias

97 643 219 693 omnes,
243 643 325 704 quas
348 642 409 704 pro
432 617 556 704 oppido
580 616 810 689 collocaverat,
833 617 864 678 in
889 613 1047 699 oppidum
1071 635 1122 677 πε,

98 708 191 791 cepit.
247 707 307 771 His
333 705 514 769 rationibus
548 703 667 767 auxilia
702 703 827 767 Galliae
861 710 1055 786 exspectare
1090 710 1123 765 et

95 793 218 858 bellum
264 800 333 854 arat
355 790 588 855 administrare.

140 877 190 942 72.
235 815 362 957 &uibus
395 878 494 941 rebus
528 875 667 960 cognitis
690 897 730 939 ex
752 872 898 960 perfugis
925 880 959 937 et
981 870 1121 957 captivis

98 963 219 1028 Caesar
241 964 322 1027 haee
344 983 465 1048 genera
486 961 672 1025 munitionis
694 960 841 1026 instituit.
887 958 1047 1023 ¹Fossam
1065 977 1123 1042 pe·

99 1049 176 1114 dum
198 1071 244 1112 xx
267 1048 398 1112 directis
421 1048 577 1112 lateribus
602 1046 703 1118 duxit,
725 1055 762 1110 ut
785 1045 856 1131 ejus
880 1043 992 1109 fossae
1014 1044 1124 1108 solum

97 1133 287 1199 tantundem
311 1143 446 1218 pateret,
470 1145 624 1215 quantum
648 1154 792 1196 summae
814 1129 927 1195 fossae
953 1131 1047 1195 labra
1075 1128 1125 1193 di·

99 1230 238 1295 starent3
261 1221 404 1303 reliquas
428 1240 541 1282 omnes
564 1218 758 1288 munitiones
782 1217 822 1280 ab
847 1239 885 1280 ea
906 1215 1001 1280 fossa
1019 1215 1125 1300 pedes

100 1328 174 1369 coco
196 1305 336 1378 reduxit,
359 1305 413 1368 ²id
435 1304 499 1367 hoe
522 1303 669 1378 consilio,
692 1303 844 1386 quoniam
873 1311 1000 1367 tantum
1034 1311 1126 1365 esset

99 1393 284 1455 necessario
308 1392 449 1475 spatium
472 1390 671 1473 complexus,
694 1411 754 1452 nec
764 1388 859 1451 facile
871 1397 977 1452 totum
999 1409 1123 1470 eorpus

101 1499 222 1541 corona
244 1477 380 1541 militum
402 1479 593 1573 cingeretur,
615 1496 655 1538 ne
678 1473 720 1538 de
741 1475 921 1558 improviso
945 1484 1001 1538 aut
1022 1482 1125 1539 noctu

100 1563 142 1626 ad
165 1564 358 1625 munitiones
382 1562 527 1625 hostium
548 1559 724 1624 multitudo
743 1560 922 1634 advolaret,
946 1570 1003 1624 aut
1024 1560 1126 1623 inter·

101 1648 156 1711 diu
178 1649 244 1712 tela
266 1648 297 1711 in
321 1658 454 1711 nostros
479 1648 570 1730 operi
592 1645 773 1709 destinatos
798 1647 959 1731 conjicere
974 1655 1125 1730 possent

100 1733 174 1797 Hoc
196 1734 381 1797 intermisso
405 1733 512 1816 spatio
537 1731 619 1795 duas
641 1730 752 1794 fossas
774 1754 820 1795 xv
842 1731 947 1816 pedes
969 1731 1055 1795 latas
1073 1753 1126 1795 ea·

101 1819 176 1881 dem
198 1818 367 1882 altitudine
389 1817 557 1902 perduxit3
580 1838 715 1900 quarum
731 1816 915 1880 interiorem
934 1818 1127 1902 campestri·

101 1906 163 1968 bus
187 1926 225 1967 ac
249 1904 399 1966 demissis
422 1903 505 1967 loeis
528 1923 613 1984 aqua
636 1924 678 1966 ex
699 1901 829 1965 flumine
855 1902 1003 1968 derivata
1037 1925 1126 1967 eom·

102 1989 211 2073 plevit.
256 1989 360 2051 ³Post
382 2010 437 2051 eas
462 2009 612 2073 aggerem
634 2010 673 2052 ae
695 1988 815 2051 vallum
837 2011 885 2051 x11
913 1988 1036 2073 pedum
1071 2011 1127 2053 ex-

102 2076 235 2146 struxitr
258 2074 335 2137 huic
356 2074 489 2139 loricam
512 2074 693 2157 pinnasque
716 2072 837 2157 ad'ecit
858 2075 1040 2160 grandibus
1056 2097 1126 2140 cer·

102 2159 151 2221 vis
177 2160 389 2223 eminentibus
412 2159 455 2222 ad
478 2160 708 2224 commissuras
731 2169 918 2243 puteorum
941 2169 1041 2244 atque
1070 2180 1126 2246 ag-

101 2245 198 2329 geris,
222 2245 277 2329 qui
300 2266 472 2308 ascensum
493 2244 638 2308 hostium
661 2245 837 2319 tardarent,
866 2255 898 2308 et
920 2255 1029 2310 turres
1052 2256 1126 2310 toto

102 2352 202 2414 opere
225 2330 445 2406 circumdedit,
469 2352 553 2414 quae
576 2330 874 2414 pedesnxxxinter
897 2354 933 2395 se
957 2332 1127 2396 distarent.

145 2418 194 2480 73.
239 2416 320 2480 Erat
342 2416 456 2480 eodem
473 2433 620 2500 tempore
644 2425 676 2479 et
697 2417 858 2481 materiari
881 2426 915 2481 et
935 2416 1129 2482 frumentari

103 2512 136 2564 et
157 2511 264 2566 tantas
294 2503 487 2565 munitiones
521 2501 590 2564 fieri
622 2523 757 2565 necesse
792 2502 966 2567 deminutis
1001 2504 1127 2568 nostris

103 2588 216 2671 copiis,
251 2609 334 2671 quae
365 2586 496 2672 longius
530 2588 570 2653 ab
605 2587 721 2650 castris
743 2587 1055 2674 progrediebanturz
1089 2612 1128 2655 ac

102 2693 334 2756 nonnunquam
357 2694 458 2756 opera
480 2683 593 2735 nostra
618 2669 703 2735 Galli
726 2682 850 2738 tentare
867 2685 966 2758 atque
982 2677 1128 2761 eruptio·

103 2778 175 2819 nem
198 2779 239 2821 ex
262 2780 281 2821 o
307 2757 386 2842 pido
409 2757 558 2841 pluribus
581 2759 686 2841 portis
702 2781 826 2822 summa
848 2762 881 2823 vi
903 2759 1012 2825 faeere
1028 2784 1128 2826 cona·

103 2843 229 2905 bantur.
275 2780 384 2922 &uare
407 2842 450 2907 ad
471 2843 554 2906 haee
575 2864 690 2906 rursus
715 2866 815 2928 opera
838 2845 1029 2910 addendum
1047 2847 1128 2912 Cae·

104 2948 158 2990 sar
181 2929 315 3011 putavit,
339 2950 404 3013 quo
437 2929 560 2991 minore
593 2950 726 2992 numero
760 2931 896 2995 militurn
928 2933 1128 2998 munitiones

104 3010 235 3077 defendi
257 3023 404 3099 possent.
447 3014 562 3097 Itaque
584 3015 706 3077 truncis
736 3017 889 3080 arborum
923 3028 980 3082 aut
1013 3018 1128 3083 admo·

104 3097 181 3160 dum
203 3099 302 3162 firmis
325 3099 423 3166 ramis
447 3099 584 3163 abscisis
611 3107 709 3182 atque
742 3100 860 3166 horum
894 3103 1065 3169 delibratis
1089 3127 1128 3171 ac

103 3185 285 3267 praeacutis
309 3186 529 3250 cacuminibus
553 3197 728 3267 perpetuae
750 3185 862 3251 fossae
886 3191 1004 3272 quinos
1020 3191 1127 3274 pedes

102 3269 187 3333 altae
210 3270 419 3334 ducebantur.
465 3269 538 3333 Huc
560 3269 606 3332 illi
629 3271 756 3354 stipites
781 3271 915 3338 demissi
942 3285 976 3339 et
998 3266 1046 3340 ¹ab
1080 3278 1128 3341 in·-

102 3353 177 3418 fimo
200 3357 344 3431 revincti,
367 3378 407 3420 ne
430 3355 543 3419 revelli
565 3364 710 3439 possent,
734 3356 794 3421 lab
816 3361 915 3423 ramis
932 3362 1127 3427 eminebant.

102 3439 221 3519 ²Quini
254 3451 345 3504 erant
379 3440 511 3504 ordines
545 3439 711 3524 eortjuneti
732 3442 816 3506 inter
839 3467 875 3509 sc
898 3454 998 3531 atque
1021 3450 1127 3534 impli-

103 3526 180 3600 cati3
204 3547 269 3609 quo
316 3528 349 3590 ui
370 3528 578 3600 intraverant,
602 3526 723 3608 seipsi
745 3530 942 3596 acutissimis
966 3534 1064 3599 vallis
1080 3536 1127 3599 iu·

104 3609 254 3675 duebant.
333 3634 371 3676 os
395 3613 510 3695 cippos
534 3605 752 3696 appellabant
803 3616 908 3681 ³Aute
932 3641 1019 3703 quos
1044 3621 1128 3686 obli-

104 3696 176 3777 quis
200 3697 369 3761 ordinibus
391 3698 424 3760 in
447 3697 660 3780 quincuncem
685 3697 856 3783 dispositis
885 3707 1023 3770 serobes
1058 3718 1127 3772 tres

102 3779 136 3839 in
157 3781 356 3846 altitudinem
389 3782 493 3866 pedes
526 3781 735 3848 fodiebantur
756 3789 913 3870 paulatim
935 3796 1127 3878 angustiore

104 3861 146 3925 ad
167 3865 309 3931 infimum
329 3867 470 3955 fastigio.
515 3867 589 3932 Huc
611 3876 731 3951 teretes
744 3872 872 3958 stipites
883 3874 1014 3944 feminis
1039 3903 1127 3946 cras÷
