2468 4312
108 225 151 291 60
470 247 513 289 nn
536 247 639 289 nanno
661 247 799 290 cnnmco

108 379 229 464 ²quum
252 380 316 465 ipsi
337 401 405 443 non
427 379 569 463 amplius
591 379 799 465 octingentos
822 379 950 464 equites
971 379 1141 455 haberent,

109 464 202 548 qnod
223 465 253 540 ii,
275 467 332 549 qui
354 464 574 529 frumentandi
607 486 708 529 cansa
739 465 844 528 ierant
876 474 968 529 trans
1002 466 1142 534 Mosam.

107 550 256 614 noudum
277 549 452 624 redierant,
474 549 554 613 nihil
570 549 759 614 timentibus
771 550 905 624 uostris,
928 550 1019 633 quod
1042 551 1141 633 legati

109 655 224 699 eorum
247 636 347 719 paulo
371 645 447 698 ante
469 656 489 699 n
511 634 655 699 Caesare
677 634 901 699 discesserant
913 647 1013 719 atque
1024 636 1054 699 is
1071 630 1142 703 dies

108 718 244 784 indutiis
267 729 338 784 crat
359 721 402 783 ab
424 719 477 783 his
499 720 633 804 petitus,
655 719 779 804 impetn
799 718 890 783 facto
913 720 1063 785 celeriter
1082 742 1142 784 no·

109 814 200 868 atros
223 806 507 889 perturbaverunt
558 804 709 869 aRursus
738 805 968 870 resistentibus
1002 827 1142 869 eonsue-

108 889 223 953 tudine
256 913 318 954 sua
349 889 395 953 ad
427 889 535 975 pedes
569 888 790 959 desiluerunt,
823 889 1012 954 ⁴subfossis
1046 890 1142 973 equis

109 975 403 1060 compluribusque
424 975 548 1039 nostris
572 973 709 1059 dejectis
732 975 925 1058 reliquosin
938 975 1049 1060 fugam
1065 997 1143 1039 con-

105 1058 259 1144 jecerunt
281 1061 401 1143 ⁵atque
422 1060 470 1123 ita
491 1060 687 1143 perterritos
716 1069 862 1145 egerim,
890 1068 928 1124 nt
955 1081 1022 1123 non
1050 1061 1143 1144 prius

109 1143 189 1229 fuga
211 1144 419 1220 desisterent,
441 1165 540 1228 quam
561 1145 595 1209 in
616 1152 831 1230 conspectum
863 1145 1001 1230 agminis
1035 1145 1142 1209 nostri

110 1230 288 1294 venissent
331 1230 369 1295 Iu
391 1251 432 1293 eo
454 1229 584 1315 proelio
614 1252 655 1293 ex
688 1230 854 1313 equitibus
886 1231 1011 1294 nostris
1044 1229 1143 1293 iuter·

110 1314 264 1379 ficiuntur
285 1324 443 1399 quattuor
465 1322 499 1378 et
521 1314 738 1400 septuaginta,
767 1314 820 1378 “in
847 1314 900 1379 his
931 1316 980 1378 vir
1001 1313 1144 1379 fortissi-

110 1421 184 1463 mus
206 1400 286 1465 Piso
308 1400 505 1483 Aquitauus‚
531 1400 735 1484 amplissimo
763 1420 883 1484 genere
910 1409 1017 1475 natus,
1047 1400 1143 1485 enjus

110 1505 194 1550 avus
216 1485 250 1550 in
272 1485 405 1549 civitate
427 1506 489 1548 sua
509 1505 647 1569 regnum
668 1484 864 1558 obtinuerat,
886 1485 1011 1549 amicus
1032 1485 1074 1548 ab
1091 1506 1143 1548 se·

110 1578 190 1633 natu
224 1579 342 1633 nostro
375 1570 571 1654 appellatus.
615 1569 680 1633 Hic
708 1590 809 1653 quum
836 1568 930 1633 fratri
962 1569 1143 1633 intercluso

111 1657 153 1718 ab
176 1653 331 1720 hostibus
354 1655 510 1719 auxilium
532 1654 642 1726 ferret,
663 1654 756 1717 illum
779 1676 821 1719 ex
842 1655 990 1739 periculo
1010 1655 1143 1738 eripuit3

110 1740 184 1825 ipse
207 1761 294 1824 equo
316 1741 490 1804 vulnerato
513 1739 672 1824 dejectus,
695 1738 807 1823 quoad
822 1740 939 1824 potuit,
962 1738 1143 1803 fortissime

110 1825 240 1888 restitit.
285 1823 395 1903 Quum
416 1826 658 1889 circumventus
691 1824 803 1889 multis
837 1825 1028 1889 vulneribus
1051 1845 1144 1888 acce·

111 1911 180 1993 ptis
202 1909 379 1973 cecidisset
400 1920 501 1994 atque
523 1909 559 1973 id
579 1908 690 1984 frater,
714 1910 770 1992 qni
786 1909 856 1993 jam
878 1909 1006 1993 proelio
1029 1930 1144 1972 exces-

112 2006 212 2069 serat,
234 1994 352 2078 procul
374 1994 669 2068 animadvertisset
692 1993 847 2058 ⁷incitato
871 2016 957 2078 equo
981 2016 1018 2057 se
1038 1994 1144 2057 hosti·

113 2079 177 2143 bus
201 2079 321 2144 obtulit
342 2089 442 2162 atque
463 2079 658 2144 interfectus
685 2087 746 2143 est.

124 2204 127 2209 -
161 2164 209 2228 13.
254 2165 329 2228 Hoc
351 2163 440 2227 sacto
463 2165 590 2249 proelio
614 2163 737 2228 Caesar
759 2185 867 2247 neque
884 2164 955 2248 jam
972 2164 1034 2228 sibi
1057 2163 1145 2248 lega·

114 2256 168 2312 tos
191 2247 375 2312 audiendos
397 2270 505 2332 neque
532 2249 739 2313 conditiones
769 2249 979 2333 accipiendas
1008 2249 1145 2312 arbitra-

111 2333 212 2397 batur
234 2335 275 2397 ab
298 2334 348 2408 iis,
370 2335 427 2417 qui
449 2356 508 2432 per
531 2333 644 2398 dolum
667 2345 767 2417 atque
787 2333 925 2397 iusidias
947 2334 1051 2418 petita
1062 2354 1145 2417 pace

113 2419 201 2482 ultro
223 2418 348 2483 bellum
369 2420 574 2482 intuhssent:
607 2427 802 2503 exspectare
835 2441 924 2494 vero,
958 2419 1055 2481 ldnm
1083 2418 1144 2481 ho·

114 2504 213 2567 stium
249 2525 290 2567 eo
314 2505 365 2568 iae
401 2516 598 2589 augerentur
640 2505 873 2587 equitatusque
908 2512 1144 2577 reverteretur,

114 2609 260 2652 summae
283 2526 465 2659 dementiae
488 2611 564 2653 esse
579 2588 760 2674 judicabat
789 2588 842 2651 ²et
870 2588 1002 2673 cognita
1031 2583 1144 2651 Gallo-

112 2694 185 2737 rum
207 2673 400 2747 infirmitate,
433 2683 592 2757 quantum
620 2674 691 2758 jam
724 2673 814 2758 apud
849 2694 908 2737 eos
938 2672 1054 2737 hostes
1077 2693 1144 2735 uno

137 2759 242 2821 roelio
264 2759 469 2822 auctoritatis
493 2767 606 2823 essent
628 2758 808 2832 consecuti,
840 2758 1019 2829 sentiebam
1052 2757 1144 2839 ³qui·

112 2779 176 2905 bus
200 2842 244 2906 ad
266 2844 403 2907 consilia
425 2843 586 2927 capienda
616 2843 699 2907 nihii
732 2843 830 2926 spatii
864 2842 1009 2906 dandum
1031 2842 1144 2905 existi-

112 2929 231 2991 mabat
276 2927 338 2991 His
361 2929 550 2992 constitutis
572 2929 672 2991 rebus
696 2936 730 2991 et
757 2927 899 3001 consilio
925 2949 998 2991 cnm
1025 2926 1143 3010 legatis

113 3020 147 3076 et
179 3020 357 3096 quaestore
389 3013 637 3087 communicato,
669 3013 731 3075 ⁴ne
764 3033 862 3095 quem
894 3011 981 3074 diem
1015 3032 1144 3095 pugnae

112 3097 397 3181 praetermitteret
420 3097 704 3181 opportunissima
724 3119 780 3160 res
802 3096 931 3172 accidit,
954 3096 1066 3179 ⁵quod
1083 3118 1144 3180 po·

112 3182 229 3246 stridie
250 3182 323 3246 e'us
346 3182 410 3247 diei
433 3204 528 3247 mane
550 3181 666 3247 eadem
688 3190 721 3245 et
742 3181 882 3266 pertidia
909 3189 944 3245 et
965 3182 1144 3245 simulatio·

111 3288 154 3331 ne
176 3268 228 3330 usi
252 3204 404 3333 (iermani
419 3266 609 3350 frequentes
625 3267 776 3331 omnibus
788 3267 991 3351 principibus
1013 3266 1144 3351 majori-

111 3351 244 3437 busque
265 3359 345 3417 natn
366 3352 523 3417 adhibitis
546 3352 687 3416 adeum
707 3352 742 3414 in
764 3362 872 3414 eastra
898 3361 1067 3425 venerunt,
1100 3351 1144 3414 si·

111 3437 189 3511 mul,
211 3446 248 3501 nt
271 3436 451 3511 dicebatur,
472 3436 547 3503 ⁷‚sui
576 3436 740 3523 purgandi
768 3456 878 3510 causa,
908 3435 1000 3519 quod
1029 3444 1145 3499 contra

112 3530 212 3605 atque
234 3532 326 3585 esset
347 3521 472 3587 dictum
493 3529 528 3585 et
548 3522 614 3605 ipsi
641 3522 811 3605 petissent,
843 3520 1004 3605 proelium
1037 3519 1145 3604 pridie

113 3607 363 3681 commisissent,
386 3606 483 3670 simul
509 3614 554 3679 ut
584 3607 613 3669 si
641 3605 722 3689 quid
754 3617 903 3689 possent,
937 3605 979 3668 de
1007 3604 1144 3669 indutiis

111 3686 258 3754 fallendo
280 3691 501 3775 impetrarent.
545 3688 662 3771 8Quos
684 3690 748 3754 sibi
776 3688 898 3753 Caesar
926 3690 1059 3753 oblatos
1087 3711 1145 3775 ga·

112 3775 206 3837 visus
229 3775 305 3839 illos
328 3776 460 3841 retineri
477 3775 594 3860 jussit:
627 3776 700 3859 ipse
732 3795 847 3839 omnes
880 3775 994 3859 copias
1024 3775 1144 3838 castris

111 3857 229 3941 eduxit
249 3861 505 3945 equitatumque,
527 3859 620 3944 quod
640 3860 763 3925 recenti
784 3860 913 3944 proelio
935 3861 1144 3945 perterritum

113 3963 190 4007 esse
212 3944 428 4024 existimabat,
451 3966 568 4033 agmen
582 3943 749 4029 'subsequi
766 3943 879 4030 jussit
