2468 4312
147 212 208 281 138
466 211 532 278 sor
554 223 656 279 arrio
679 236 815 278 enrmco

144 367 299 433 Romanis
324 367 365 432 de
387 390 479 432 muro
502 390 617 432 manus
640 367 824 449 tendebant,
848 389 929 432 suos
949 368 1111 433 'obtestari
1135 375 1168 434 et

144 476 235 518 more
258 453 384 519 Gallico
407 476 542 540 passum
565 453 717 539 capillum
739 464 905 518 ostentare
928 453 1117 538 liberosque
1134 456 1168 518 in

144 548 356 624 conspectum
387 538 534 624 prolerre
567 546 754 623 coeperunt
807 539 888 603 Erat
920 539 1076 604 Romanis
1104 562 1167 605 nee

142 625 218 690 loeo
241 647 302 689 nee
323 647 457 689 numero
480 646 586 709 aequa
607 625 789 699 coutentio;
822 624 919 688 simul
952 636 984 688 et
1010 647 1110 689 eursu
1134 636 1167 690 et

143 711 251 795 spatio
274 733 403 796 pugnae
426 709 593 796 defatigati
615 732 679 774 non
702 708 798 774 facile
819 722 969 774 recentes
993 719 1092 796 atque
1117 711 1166 775 iu-

142 805 254 882 tegros
277 797 490 860 sustinebant.

184 882 235 947 49.
280 880 408 955 Caesar,
431 902 530 965 quum
552 879 663 965 iniquo
686 880 761 945 loeo
784 881 921 966 pugnari
953 880 1165 966 hostiumque

142 968 253 1052 augeri
276 968 388 1052 copias
412 967 545 1037 videret,
568 979 794 1050 praemetuens
807 967 875 1030 suis
899 966 942 1029 ad
964 965 1003 1029 T.
1016 967 1165 1031 Sextium

141 1053 292 1138 legatum,
315 1075 411 1137 quem
434 1053 612 1117 minoribus
636 1053 753 1116 castris
779 1051 944 1136 praesidio
978 1052 1164 1137 reliquerat,

140 1139 236 1212 misit,
259 1151 296 1202 ut·
318 1138 473 1202 cohortes
497 1159 539 1201 ex
561 1138 678 1201 eastris
702 1137 850 1201 celeriter
868 1137 1023 1200 educeret
1046 1148 1079 1201 et
1100 1139 1165 1202 sub

140 1224 250 1288 infimo
273 1224 357 1287 colle
380 1225 420 1287 ab
445 1223 562 1287 dextro
586 1223 686 1286 latere
708 1222 852 1286 hostium
871 1224 1094 1293 constitueret,
1118 1232 1164 1298 ut,

140 1309 169 1373 si
192 1319 326 1373 nostros
351 1309 510 1394 depulsos
534 1309 608 1372 loco
642 1307 788 1379 vidisset,
823 1331 888 1393 quo
923 1309 1027 1371 minus
1062 1308 1164 1372 libere
1196 1353 1200 1359 -

138 1393 254 1458 hostes
287 1395 545 1479 insequerentur.
579 1402 723 1457 terreret.
777 1394 855 1478 Ipse
889 1394 1022 1477 paulum
1050 1415 1091 1457 ex
1122 1416 1163 1457 eo

139 1480 214 1544 loco
238 1502 311 1544 cum
334 1481 462 1566 legione
479 1501 685 1565 progressus.
708 1480 765 1542 ubi
787 1480 987 1554 constiterat,
1011 1488 1164 1543 eventum

138 1584 268 1651 pugnae
290 1566 511 1650 exspectabat

181 1653 231 1717 50.
277 1651 385 1731 Quum
408 1651 562 1715 acerrime
584 1651 764 1714 cornminus
786 1660 995 1735 pugnaretur,
1025 1649 1162 1714 ¹hostes

136 1737 213 1800 loco
236 1747 269 1801 et
290 1759 435 1810 numero,
458 1736 562 1800 nostri
585 1737 705 1799 virtute
728 1735 936 1808 confiderent,
960 1737 1162 1800 subitosunt

137 1821 266 1886 Haedui
290 1824 352 1885 visi
374 1824 415 1885 ab
439 1822 539 1885 latere
561 1823 684 1885 nostris
708 1832 831 1905 aperto,
855 1843 940 1905 quos
974 1820 1096 1885 Caesar
1118 1824 1161 1888 ab

138 1906 254 1971 dextra
276 1917 369 1992 parte
402 1908 466 1970 alio
501 1928 639 1969 ascensu
673 1928 787 1970 manus
822 1906 1026 1971 distinendae
1060 1930 1162 1972 causa

135 1994 277 2056 miserat.
321 1993 364 2055 Hi
387 1991 595 2055 similitudine
617 2014 780 2055 armorum
802 1991 1010 2055 vehementer
1025 2003 1160 2058 nostros

135 2088 382 2162 perterruerunt
414 2099 461 2151 ae,
494 2078 644 2140 ²tametsi
677 2077 803 2141 dextris
839 2077 983 2141 humeris
1019 2080 1160 2144 exsertis

135 2162 598 2246 animadve1·tebantur,quod
631 2163 756 2245 insigne
790 2172 940 2247 pacatum
974 2185 1048 2226 esse
1082 2187 1160 2228 eon-

135 2258 254 2322 suerat,
277 2259 384 2312 tamen
406 2249 441 2313 id
462 2249 569 2332 ipsum
593 2249 644 2311 sui
665 2247 800 2312 fallendi
833 2270 932 2312 eausa
964 2249 1082 2313 milites
1117 2251 1159 2315 ab

134 2334 288 2399 hostibus
310 2335 433 2398 factum
455 2334 691 2397 existimabant.
737 2333 862 2397 Eodem
887 2334 1082 2418 temporeL.
1098 2335 1160 2400 Fa·

134 2421 208 2485 bins
232 2422 378 2485 centurio
403 2420 523 2504 quique
545 2442 610 2483 una
631 2441 757 2483 murum
781 2419 995 2483 ascenderant
1022 2421 1160 2484 circum·

134 2507 222 2570 venti
245 2516 344 2591 atque
369 2504 529 2569 interfecti
563 2504 605 2568 de
637 2527 730 2568 muro
763 2507 1068 2589 praecipitabantur.
1112 2507 1159 2570 M.

134 2591 318 2662 Petronius,
342 2591 489 2676 ejusdem
511 2591 649 2676 legionis
674 2592 828 2664 centurio,
852 2613 951 2674 quum
974 2602 1089 2675 portas
1103 2605 1167 2656 ex-'

135 2677 243 2741 cidere
266 2686 404 2741 conatus
428 2686 525 2750 esset
549 2698 568 2739 a
589 2676 795 2739 multitudine
822 2698 1003 2760 oppressus
1033 2699 1072 2740 ae
1095 2677 1159 2743 sibi

135 2762 316 2847 desperans
338 2763 449 2825 multis
468 2761 537 2845 jam
559 2762 749 2825 vulneribus
773 2762 916 2846 acceptis
950 2763 1158 2847 manipulari·

133 2849 196 2912 bus
221 2849 299 2917 suis,
323 2848 378 2930 qui
400 2847 491 2909 illum
514 2849 619 2910 secuti
642 2856 742 2920 erant
777 2847 937 2927 Qrtooiam,
974 2847 1087 2932 inquit,
1110 2874 1158 2913 me

133 2957 198 2996 aloa
219 2935 370 2996 nobiseum
391 2956 513 2995 servare
533 2955 595 2994 reon
611 2955 745 3017 possam,
778 2944 894 2996 vestrae
925 2934 1046 3020 quidem
1081 2946 1159 2999 certe

133 3021 212 3083 vitae
227 3021 429 3104 prospiciam,
452 3041 525 3104 qnos
547 3019 710 3102 tepiditate
717 3019 837 3102 gloriae
852 3019 998 3082 addrtetus
1019 3021 1052 3082 ia
1069 3022 1158 3104 peri·

133 3106 234 3168 melum
255 3105 374 3167 deduxi.
427 3104 484 3166 Vos
505 3103 579 3167 dota
592 3104 744 3190 facultate
753 3105 837 3168 cobis
858 3105 1007 3168 consulite.
1052 3105 1158 3170 Simul

132 3191 165 3254 in
189 3190 314 3254 medios
338 3190 452 3253 hostes
475 3190 592 3273 irrupit
607 3189 804 3272 duobusque
819 3189 996 3253 interfectis
1008 3190 1156 3274 reliquos

133 3297 153 3339 a
175 3287 272 3359 porta
295 3276 427 3360 paulum
450 3275 633 3339 summovit.
677 3273 878 3339 Conantibus
901 3276 1049 3339 auxiliari
1077 3277 1156 3350 suis,

132 3362 269 3442 lisono,
292 3361 405 3445 inquit.
427 3383 512 3423 meae
532 3362 611 3424 vitae
631 3360 960 3440 aaboeuiremnumini,
983 3385 1068 3448 quern
1084 3365 1157 3445 jam

131 3450 258 3531 coepitis
278 3449 414 3533 eir-emite
435 3447 593 3534 deficiant&
610 3447 744 3530 proinde
766 3447 852 3527 abite,
879 3448 952 3510 diem
985 3458 1027 3510 est
1048 3449 1156 3534 saeel-

132 3543 185 3610 taa
209 3555 316 3618 nosque
339 3531 382 3596 ad
401 3532 546 3615 lepionem
567 3534 697 3616 recapite.
740 3531 792 3596 Ita
813 3554 962 3618 pugnans
981 3545 1060 3617 post
1075 3555 1156 3618 pau·

132 3617 198 3680 lum
222 3617 366 3681 concidit
387 3639 425 3680 ae
448 3618 517 3679 suis
541 3617 639 3680 salut-i
660 3615 729 3680 fuit.

175 3704 224 3766 51.
268 3703 392 3776 Nostri,
416 3724 515 3786 quum
537 3701 682 3785 undique
704 3712 935 3786 premerentur,
968 3726 1046 3766 xum
1080 3726 1156 3768 een·

131 3788 315 3852 turionibus
338 3788 467 3851 amissis
502 3787 620 3872 dejecti
653 3795 731 3850 sunt
752 3788 836 3851 locu.
887 3788 955 3851 Sed
977 3789 1156 3853 intoleran-

132 3873 197 3936 tius
232 3873 347 3938 Gallos
380 3873 591 3958 insequentes
625 3872 710 3958 legio
732 3894 764 3936 x.
787 3872 936 3948 tardavit,
971 3895 1055 3958 quae
1091 3897 1159 3962 pro
