2468 4312
111 230 154 299 58
464 252 507 294 nr
529 252 633 294 senno
656 249 793 293 ennmco
865 258 870 271 ·

111 385 172 450 mis
188 405 295 469 -saepe
318 384 417 447 rebus
441 383 721 458 consiliumeunt,
744 402 884 467 quorum
907 403 966 445 eos
988 382 1021 445 in
1044 381 1144 445 vesti-

111 471 166 556 gio
190 469 358 554 poenitere
391 490 528 531 neeesse
562 480 621 543 est,
656 489 756 552 quum
788 467 921 531 incertis
953 467 1142 530 rumoribus

110 555 256 619 serviant
290 563 323 618 et
355 553 504 638 plerique
537 553 580 617 ad
613 553 817 617 voluntatem
843 573 956 615 eorum
983 552 1062 615 fieta
1092 573 1144 615 re·

110 639 306 725 spondeant.

108 725 113 733 '
153 725 182 788 6.
228 723 303 804 Qua
324 723 565 787 consuetudine
590 724 723 809 eognita
751 722 880 798 Caesar,
909 722 971 786 ¹ne·
999 720 1144 806 graviori

108 809 199 874 bello
222 816 420 881 occurreret,
441 810 610 882 maturius,
633 830 731 891 quam
754 816 939 882 consuerat,
962 806 1026 870 ²ad
1050 828 1143 870 exer·

110 895 210 958 eitum
232 894 460 979 proficiscitur.
504 894 556 957 Eo
579 915 680 978 quum
702 894 857 967 venisset,
881 914 927 966 ea
957 914 1042 976 qnae
1068 891 1143 955 fore

110 981 300 1064 suspicatus
323 987 402 1051 erat,
425 977 532 1043 ³biota
554 979 723 1064 coguovit:
752 980 872 1041 missas
894 977 1077 1061 legationes
1100 978 1142 1041 ab

108 1065 276 1128 nonnullis
308 1065 495 1128 civitatibus
525 1064 567 1128 ad
598 1063 789 1137 Germanos,
817 1063 1041 1146 invitatosque
1074 1083 1143 1136 eos,

109 1151 178 1213 *uti
199 1150 241 1212 ab
263 1149 382 1212 Rheno
405 1149 622 1224 discederent,
646 1150 828 1233 omniaque,
863 1168 947 1230 quae
975 1148 1143 1231 postulas·

110 1242 192 1308 sent,
226 1236 267 1298 ab
301 1256 338 1296 se
370 1232 441 1296 fore
469 1244 592 1319 parata.
643 1232 718 1312 Qua
746 1255 807 1318 spe
829 1232 965 1296 adducti
989 1232 1142 1296 Germani

110 1318 229 1383 ⁶latius
262 1320 467 1403 vagabantur
500 1328 533 1383 et
560 1321 593 1383 in
616 1318 697 1382 fines
719 1317 913 1383 Eburonum
936 1326 969 1381 et
991 1317 1142 1382 Condru-

110 1426 238 1476 sorum,
278 1405 335 1487 qui
368 1417 447 1468 sunt
479 1405 694 1469 Trevirorum
727 1404 879 1478 clientes,
914 1413 1141 1486 pervenerant.

109 1489 317 1572 Principibus
352 1489 478 1554 Galliae
501 1490 647 1554 ⁷voeatis
671 1488 794 1552 Caesar
820 1509 866 1560 ea,
900 1510 985 1572 quae
1019 1510 1142 1574 eogno-

109 1582 211 1649 verat,
234 1574 494 1638 ⁸dissimulanda
517 1575 580 1638 sibi
603 1574 811 1649 existimavit,
840 1572 1041 1657 leorumque
1074 1575 1142 1638 ani-

108 1661 170 1722 mis
193 1659 369 1743 permulsis
393 1668 425 1723 et
448 1660 647 1724 confirmatis
672 1660 886 1742 equitatuque
896 1659 1057 1743 imperato
1072 1660 1142 1723 bel·

108 1743 176 1808 lum
200 1766 271 1807 eum
297 1745 467 1808 Germanis
490 1767 604 1830 gerere
627 1745 806 1808 constituit.

152 1831 171 1892 7
174 1878 181 1893 .
225 1829 275 1892 lte
296 1829 508 1894 frumentaria
535 1840 724 1914 comparata
746 1829 979 1913 equitibusque
1002 1828 1141 1892 delectis

107 1915 171 1977 iter
193 1914 224 1978 in
252 1936 292 1977 ea
323 1915 397 1978 loca
429 1914 537 1979 faeere
570 1915 689 1997 eoepit.
723 1915 863 1998 ¹qnibus
891 1914 924 1976 in
952 1914 1035 1977 loeis
1066 1935 1141 1979 esse

110 1997 293 2063 Germanos
316 1999 479 2064 audiebat.
523 2001 573 2064 2Α
597 2000 717 2082 quibus
746 2021 847 2082 quum
869 2020 1050 2082 paucorum
1073 1999 1142 2062 die·

108 2105 181 2146 rum
204 2085 265 2147 iter
288 2085 430 2160 abesset,
453 2087 552 2170 legati
574 2086 616 2148 ab
638 2085 691 2148 his
714 2093 883 2158 venerunt,
907 2104 1046 2166 quorum
1058 2084 1141 2148 haec

108 2167 171 2232 fuit
193 2170 314 2233 oratio:
339 2169 511 2234 Germanos
531 2193 627 2256 oeque
643 2172 768 2254 priores
784 2170 903 2254 populo
925 2171 1068 2232 Romano
1081 2170 1141 2232 bel·

109 2255 172 2318 leem
194 2255 425 2342 inferretque
447 2268 548 2319 tamen
557 2278 707 2334 recusare,
729 2258 758 2317 si
778 2256 975 2328 lacessantur,
998 2257 1073 2341 quio
1088 2278 1141 2318 ar-

108 2343 167 2403 mis
188 2341 375 2419 contendant,
399 2341 481 2427 quod
503 2341 730 2405 Germanorum
752 2340 931 2403 mamardo
958 2339 1034 2403 daec
1054 2341 1094 2403 eit
1120 2363 1141 2403 a

107 2427 277 2507 rnajoribur
297 2426 421 2505 tradito,
484 2428 635 2512 ticinaque
667 2426 776 2489 bellum
808 2425 951 2511 infernal,
985 2426 1142 2488 *resistere

108 2533 204 2597 neque
226 2511 395 2594 deprecari.
439 2450 529 2575 lilaea
549 2522 650 2574 tamen
671 2511 788 2574 dicere:
808 2512 922 2572 venosa
942 2512 1060 2584 invitos,
1082 2513 1140 2592 eje.-

110 2607 170 2659 otor
191 2597 296 2678 domm·
316 2598 344 2659 ei
364 2619 453 2659 suam
471 2597 610 2680 qratiam
630 2597 768 2660 Romani
788 2595 887 2674 velint,
912 2617 1002 2680 posse
1023 2597 1063 2658 iis
1083 2597 1142 2658 uti·

109 2681 151 2744 les
173 2705 234 2745 esee
256 2682 386 2763 amiam,-
406 2682 456 2744 ael
473 2683 533 2744 eti
554 2703 645 2764 apros
667 2682 836 2745 attributam
854 2681 903 2743 vel
916 2683 1143 2764 potiantureos

109 2776 214 2846 terere,
239 2767 333 2852 5φιοε
355 2769 452 2829 armis
467 2767 674 2850 possederint&
694 2789 757 2829 sese
776 2767 848 2828 aab
869 2765 975 2829 soem
1001 2766 1142 2828 eoncede-

108 2874 150 2932 νε,
175 2850 303 2937 ⁰qnibar
323 2873 362 2914 ne
383 2851 429 2914 dii
451 2851 572 2936 pridem
593 2851 779 2914 immortales
796 2873 893 2935 pares
920 2874 981 2912 esee
1001 2861 1143 2934 possent:

109 2936 280 3022 ⁸reliqnnm
303 2935 424 3021 quidem
444 2938 479 2999 in
500 2938 591 3000 tonis
611 2959 673 3000 esre
699 2938 857 3016 nomnen,
886 2958 974 3022 quem
1001 2957 1064 2997 non
1091 2959 1142 2999 su·

104 3043 221 3106 perure
237 3023 364 3105 possim.

152 3107 181 3170 8.
226 3105 294 3169 ¹Ad
315 3106 398 3170 haee
421 3126 506 3189 quae
526 3106 634 3169 visum
657 3113 710 3169 est
732 3104 854 3169 Caesar
868 3102 1056 3190 respoudit3
1079 3105 1142 3169 sed

110 3191 218 3255 exitus
240 3189 303 3254 fuit
325 3192 499 3255 orationis:
522 3190 878 3255 stipulationem
899 3192 1142 3254 amicitiameese

104 3298 203 3360 posse,
227 3275 275 3338 ²ei
296 3279 330 3339 in
354 3277 463 3340 Gallia
483 3286 690 3358 remanerent5
718 3277 832 3362 ³neqne
858 3299 963 3339 emim
991 3299 1059 3356 esee,
1088 3277 1143 3361 qui

108 3383 178 3424 satos
192 3361 275 3449 finer
301 3363 380 3424 tueri
411 3383 474 3424 oon
500 3363 665 3445 potuerint,
699 3361 816 3424 alienor
848 3383 1015 3446 occupare5
1046 3383 1142 3446 oeqrre

108 3447 187 3508 nlloe
208 3449 241 3508 in
265 3445 373 3509 Gallia
394 3468 508 3508 vacare
530 3467 629 3530 apros,
653 3448 707 3531 qui
730 3447 805 3509 dari
831 3455 935 3509 tutatae
956 3448 1142 3530 praesertim

108 3531 296 3593 mrdtitrrdiai
327 3533 392 3593 eine
424 3533 542 3613 topiaria
569 3533 706 3615 poesin&
736 3531 791 3594 eed
817 3531 914 3610 licere,
936 3532 1084 3605 sinebat,
1107 3533 1142 3595 in

114 3615 260 3678 Ubiorum
283 3618 403 3705 finibm
435 3615 598 3690 comedere,
620 3617 771 3702 ⁴qaorann
796 3618 860 3679 sint
884 3617 977 3700 lopati
1003 3616 1091 3701 opud
1110 3640 1143 3680 re

110 3710 138 3762 et
158 3699 195 3762 de
216 3700 384 3764 suetonum
405 3703 530 3784 ira'yeniis
553 3711 722 3788 queram
749 3712 777 3765 et
803 3723 824 3764 α
850 3723 882 3764 ee
910 3703 1062 3765 azmlimn
1083 3726 1141 3787 pe·

110 3794 190 3847 taut·
210 3784 267 3846 too
287 3808 318 3847 ee
344 3787 430 3850 Ubiis
450 3789 682 3870 imperatorne,

153 3867 182 3934 9.
225 3867 340 3955 legati
361 3871 444 3935 haee
467 3891 504 3935 se
526 3870 571 3935 ad
592 3892 673 3935 suos
696 3871 861 3936 relaturos
885 3870 1039 3937 dixerunt
1060 3879 1094 3937 et
1104 3894 1140 3937 re
