2468 4312
141 214 203 285 134
485 242 528 284 nn
549 216 652 284 nanno
674 240 811 284 oumrco

142 377 181 441 ab
204 376 341 439 amicitia
357 375 471 524 populi
492 375 630 440 Romani
650 374 791 464 dqtcere:
812 374 894 460 prod
903 373 1164 461 suturrrmproei-

139 463 215 533 dect,
238 463 317 525 sire
338 471 380 524 tot
420 463 554 524 ominum
574 461 663 524 milia
685 484 753 523 mom
779 460 911 524 hortibus
943 461 1162 542 consecrarint,

138 569 267 697 monem
288 547 413 611 saltuem
434 569 529 632 erpere
544 549 717 634 propinqui
748 547 897 631 negligere
932 569 1026 633 neque
1057 548 1164 611 civitem

185 635 196 696 i
215 644 363 696 mmneeto
385 635 546 697 aestimare
561 643 669 717 posset.

180 720 231 783 40.
275 718 396 804 Magna
418 717 553 781 affectus
577 715 796 781 sollieitudine
817 716 882 780 hoc
899 718 1019 781 nuncio
1031 715 1162 792 Caesar,

138 803 229 888 quod
252 825 382 889 semper
403 803 615 867 Haeduorum
639 803 759 866 civitati
782 804 955 888 praecipue
970 802 1161 878 indulserat,
1213 884 1217 888 Α

136 891 227 954 nulla
248 890 442 973 interposita
465 889 668 953 dubitatione
691 888 836 973 legiones
860 889 1031 973 expeditas
1065 898 1159 972 quat

136 986 214 1040 tuor
236 976 479 1060 equitatumque
503 996 630 1039 omnem
652 992 693 1037 ex
715 975 832 1038 eastris
856 974 973 1038 educit.
1016 975 1086 1039 Nec
1095 973 1160 1038 fuit

137 1062 276 1145 spatium
300 1061 357 1124 tali
380 1072 526 1145 tempore
549 1059 590 1123 ad
614 1059 837 1123 contrahenda
859 1069 975 1132 castra,
998 1060 1088 1142 quod
1102 1082 1159 1124 res

136 1147 246 1231 posita
257 1147 288 1209 in
302 1146 466 1210 celeritate
487 1146 669 1209 videbatur.
714 1144 747 1208 C.
770 1145 904 1209 Fabium
927 1146 1068 1231 legatum
1083 1168 1160 1208 cum

135 1232 319 1317 legionibus
343 1232 471 1296 duabus
494 1233 611 1294 eastris
632 1230 798 1315 praesidio
821 1231 982 1315 relinquit.
1025 1231 1159 1294 Fratres

134 1317 272 1381 Litaviei
295 1339 393 1401 quum
418 1317 650 1401 comprehendi
668 1317 836 1401 jussisset,
858 1318 957 1401 paulo
973 1325 1046 1380 ante
1064 1338 1159 1401 repe-

134 1404 177 1466 rit
199 1403 243 1466 ad
264 1402 379 1467 hostes
402 1401 536 1484 fugisse.
581 1403 786 1466 Adhortatus
809 1402 996 1470 militesne
1023 1425 1159 1466 necessa·

134 1491 183 1552 rio
216 1501 347 1574 ternpore
379 1482 496 1552 irionis
528 1489 632 1552 labore
659 1498 902 1573 permoveantur,
936 1487 1158 1572 cupidissimis

135 1575 285 1639 omnibus
317 1596 515 1660 progressus
550 1575 636 1637 milia
658 1593 815 1658 passuum
837 1596 906 1637 xxv
933 1595 1047 1659 agmen
1070 1574 1158 1637 Hae-

135 1660 274 1724 duorum
298 1661 507 1744 conspicatus
530 1661 675 1722 immisso
699 1660 1040 1744 equitatuitereorum
1051 1681 1159 1723 mora·

133 1756 188 1810 tur
210 1756 308 1829 atque
330 1746 466 1830 impedit
476 1746 704 1828 interdicitque
717 1746 875 1819 omnibus,
898 1767 938 1808 ne
962 1765 1158 1829 quemquam

134 1831 335 1895 interficiant.
379 1831 638 1916 Eporedorigem
663 1839 695 1894 et
718 1830 968 1903 Viridomarum,
1002 1852 1086 1914 quos
1108 1831 1157 1894 illi

134 1917 324 1981 interfectos
348 1918 584 1991 existimabant,
607 1918 691 1979 inter
713 1917 839 2000 equites
863 1916 987 1980 versari
1009 1938 1158 2000 suosque

134 2003 301 2087 appellare
319 2002 422 2086 jubet.
469 2002 528 2064 His
553 2002 691 2088 cognitis
716 2011 748 2064 et
771 2002 905 2065 Litavici
934 2001 1049 2065 fraude
1082 2024 1158 2086 per·

134 2096 248 2172 specta
270 2087 399 2150 Haedui
421 2110 535 2150 manus
559 2087 693 2151 tendere
706 2098 738 2151 et
754 2087 950 2151 deditionem
973 2087 1157 2172 significare

134 2183 167 2238 et
189 2173 343 2258 projectis
375 2176 471 2236 armis
506 2183 642 2236 mortem
666 2173 834 2257 deprecari
856 2174 1021 2257 incipiunt.
1065 2173 1156 2237 Lita-

132 2260 224 2322 vicus
248 2281 321 2322 cum
344 2260 412 2322 suis
437 2259 617 2333 clientibus,
641 2260 759 2342 quibus
775 2258 866 2322 nefas
883 2280 971 2321 more
985 2258 1156 2322 Gallorum

133 2355 184 2409 est
207 2346 301 2408 etiam
323 2345 356 2407 in
379 2355 524 2408 extrema
545 2344 677 2408 fortuna
699 2344 850 2408 deserere
872 2359 1040 2429 patronos,
1074 2343 1156 2408 Ger-

132 2432 261 2516 goviam
283 2430 436 2516 profugit.

174 2518 223 2580 41.
269 2515 390 2580 Caesar
411 2516 537 2580 nunciis
561 2515 602 2579 ad
627 2517 787 2579 civitatem
810 2514 1022 2579 Haeduorum
1034 2516 1154 2592 missis,

132 2603 185 2684 qui
211 2623 270 2663 ¹suo
294 2602 451 2665 beneficio
465 2610 678 2665 conservatos
695 2602 859 2675 docerent,
883 2623 966 2684 quos
984 2602 1060 2687 jure
1076 2603 1155 2666 belli

130 2687 312 2750 interlicere
334 2689 507 2771 potuisset,
530 2688 703 2771 tribusque
731 2687 822 2750 horis
855 2688 962 2750 noctis
996 2689 1159 2752 exercitui¹

130 2772 173 2834 ad
197 2773 338 2855 quietem
361 2773 445 2836 datis
470 2782 578 2837 castra
600 2772 642 2836 ad
666 2771 862 2858 Gergoviam
884 2773 995 2836 movit.
1040 2773 1153 2837 Medio

129 2857 198 2920 fere
220 2859 333 2920 itincre
356 2860 481 2941 equites
505 2880 523 2921 a
545 2858 646 2922 Fabio
670 2859 768 2932 missi,
792 2866 914 2942 quanto
937 2881 989 2921 res
1013 2859 1046 2921 in
1068 2860 1153 2942 peri·

130 2943 205 3005 culo
229 2943 333 3017 fuerit,
357 2955 540 3028 exponunt;
563 2945 697 3007 summis
722 2944 826 3027 copiis
843 2951 949 3006 castra
963 2952 1153 3028 oppugnata

130 3027 369 3102 demonstrant;
404 3050 502 3112 quum
526 3032 640 3093 crebro
673 3030 789 3114 integri
823 3028 962 3092 defessis
996 3028 1153 3093 succede·

127 3125 200 3178 rent
222 3122 423 3198 nostrosque
456 3115 592 3179 assiduo
625 3115 737 3178 labore
771 3113 993 3199 defatigarent,
1031 3115 1151 3198 quibus

128 3208 265 3284 propter
286 3200 540 3284 magnitudinem
563 3209 743 3264 castrorum
760 3210 919 3284 perpetue
933 3207 1021 3263 esset
1035 3200 1152 3264 iisdem

126 3286 160 3349 in
184 3285 270 3347 vallo
293 3286 556 3370 permanendum,
590 3285 795 3349 multitudine
829 3287 1018 3371 sagittarum
1051 3294 1151 3369 atque

127 3371 231 3434 omnis
269 3371 396 3456 generis
430 3373 570 3435 telorum
601 3372 723 3434 multos
757 3371 960 3443 vulneratos3
994 3371 1037 3434 ad
1068 3370 1152 3435 haee

126 3455 320 3520 sustinenda
341 3477 460 3542 magno
483 3457 557 3520 usui
589 3455 691 3520 fuisse
729 3465 903 3529 tormenta3
926 3457 1059 3520 Fabium
1083 3457 1152 3521 dis·

126 3564 223 3606 cessu
257 3563 369 3605 eorum
399 3542 529 3607 duabus
551 3543 674 3606 relictis
698 3543 804 3627 portis
828 3543 1000 3606 obstruere
1023 3550 1149 3606 ceteras

125 3628 324 3712 pluteosque
347 3627 436 3692 vallo
459 3628 582 3692 addere
605 3636 637 3692 et
660 3649 695 3690 se
717 3629 752 3690 in
773 3637 941 3713 posterum
956 3628 1040 3691 diem
1064 3628 1150 3691 simi-

123 3713 253 3797 lemque
287 3735 399 3776 casum
432 3735 450 3777 a
477 3735 600 3798 parare.
655 3713 716 3776 His
738 3715 837 3777 rebus
861 3715 999 3799 cognitis
1029 3713 1151 3777 Caesar

125 3818 250 3861 summo
275 3798 387 3864 studio
409 3736 547 3863 militum
568 3808 643 3864 ante
665 3808 772 3863 ortum
795 3799 876 3863 solis
899 3800 932 3862 in
956 3808 1150 3885 castraper·

124 3884 220 3948 venit.
798 3904 800 3909 ·
887 3903 916 3908 ·‘
