2468 4312
108 206 150 272 26
460 229 502 269 ne
525 228 628 271 asnno
651 228 789 270 eannroo

107 362 204 447 gulos
228 382 307 424 suae
320 359 436 424 salutis
460 382 561 424 causa
584 359 780 445 delegerant.
826 359 906 424 Cum
928 361 981 425 his
997 361 1031 425 in
1041 383 1139 446 proe-

107 447 159 510 liis
182 447 408 520 versabantur,
432 445 475 509 ad
498 467 556 509 eos
580 467 617 508 se
640 447 767 529 equites
784 447 998 530 recipiebant:
1022 448 1085 522 ⁵hi,
1108 448 1140 510 si

108 530 188 615 quid
212 540 281 594 erat
305 531 429 605 durius,
452 531 706 605 concurrebant,
730 530 779 594 8si
802 533 858 615 qui
885 532 1037 616 graviore
1065 533 1138 595 vul-

106 638 185 681 nere
208 623 345 699 accepto
369 637 455 698 equo
479 615 662 690 deciderat,
691 615 989 681 circumsistebant:
1019 617 1047 680 si
1070 638 1139 700 quo

108 710 177 765 erat
210 702 340 786 longius
374 700 606 784 prodeundum
639 708 696 764 aut
728 701 866 765 celerius
898 701 1138 785 recipiendum,

106 785 219 851 'tanta
230 794 299 849 erat
310 786 428 848 horum
440 787 672 850 exercitatione
695 787 855 862 celeritas,
877 794 914 850 ut
930 787 1022 871 jubis
1036 807 1138 871 equo-

105 892 178 936 rum
201 871 364 934 sublevati
386 871 539 934 ⁸cursum
562 871 794 955 adaequarent.

148 957 199 1020 49.
244 955 310 1020 Ubi
333 977 407 1018 eum
430 957 547 1019 castris
570 978 607 1019 se
629 964 741 1020 tenere
765 956 886 1020 Caesar
908 956 1077 1031 intellexit,
1095 978 1137 1020 ne

107 1039 230 1105 diutius
254 1049 438 1104 commeatu
460 1040 700 1125 prohiberetur,
723 1042 810 1104 ultra
821 1063 895 1104 eum
907 1042 1024 1115 locum,
1049 1041 1136 1124 ¹quo

105 1125 140 1188 in
161 1127 238 1189 loco
262 1125 415 1189 Germani
438 1126 671 1202 consederant,
705 1126 833 1190 circiter
855 1147 976 1210 passus
1000 1147 1137 1189 sexcen-

104 1219 159 1274 tos
183 1213 224 1275 ab
247 1210 314 1286 his,
348 1212 466 1274 eastris
499 1210 655 1274 idoneum
687 1212 798 1275 locum
826 1211 948 1296 delegit
980 1211 1136 1294 ²acieque

104 1296 225 1379 triplici
246 1296 407 1359 instructa
429 1296 472 1359 ad
496 1318 568 1359 eum
591 1297 700 1359 locum
723 1297 820 1359 venit.
864 1296 1006 1359 Primam
1028 1304 1062 1359 et
1085 1317 1137 1359 se·

105 1380 247 1444 cundam
279 1382 381 1443 aciem
413 1381 447 1444 in
480 1382 577 1444 armis
612 1403 695 1456 esse,
728 1381 856 1445 tertiam
880 1388 989 1444 castra
1010 1381 1136 1444 munire

98 1464 210 1550 jussit.
254 1465 318 1528 Hic
340 1466 435 1529 locus
459 1468 499 1531 ab
522 1465 621 1529 hoste
643 1466 771 1530 circiter
823 1488 920 1529 assus
944 1472 1135 1541 sexcentos,

103 1551 152 1614 uti
176 1550 298 1614 dictum
322 1559 382 1626 est,
405 1551 527 1614 aberat.
571 1551 623 1614 Eo
647 1553 775 1616 circiter
797 1488 964 1614 liominum
996 1571 1134 1614 numero

103 1635 248 1700 sedecim
269 1636 357 1698 milia
380 1635 556 1720 ³expedita
579 1637 762 1700 cumomni
785 1637 932 1719 equitatu
943 1635 1133 1699 Ariovistus

103 1721 205 1796 misit,
235 1742 319 1804 quae
348 1722 463 1805 copiae
491 1728 626 1784 nostros
655 1728 876 1805 perterrerent
899 1728 933 1784 et
954 1721 1134 1784 munitione

101 1805 325 1890 prohiberent.
369 1807 482 1871 Nihilo
506 1807 614 1869 secius
639 1805 775 1881 Caesar,
804 1814 841 1869 ut
869 1813 944 1869 ante
973 1805 1133 1869 constitu·

102 1899 181 1965 erat,
205 1890 288 1955 duas
312 1891 398 1954 acies
422 1891 554 1955 hostem
575 1891 782 1975 propulsare,
805 1891 933 1955 tertiam
957 1912 1042 1974 opus
1058 1912 1133 1974 per·

101 1974 200 2038 ficere
217 1976 329 2061 J'ussit.
373 1976 510 2038 Munitis
534 1977 651 2039 castris
675 1976 759 2039 duas
781 1977 827 2041 ibi
841 1976 988 2061 legiones
1001 1975 1134 2059 reliquit

103 2067 136 2124 et
157 2069 284 2143 partem
307 2061 512 2138 auxiliorum,
536 2070 692 2145 quattuor
712 2063 856 2145 reliquas
879 2061 913 2123 in
935 2068 1044 2124 eastra
1066 2082 1132 2124 ma·

95 2144 173 2231 jora
194 2145 336 2209 reduxit.

146 2231 196 2295 50.
240 2230 398 2294 Proximo
422 2231 475 2295 die
504 2232 674 2296 1instituto
708 2253 771 2295 suo
806 2230 928 2294 Caesar
962 2252 979 2292 e
1013 2230 1132 2294 castris

99 2315 249 2397 utrisque
278 2316 391 2399 copias
422 2338 501 2379 suas
531 2316 646 2381 eduxit
672 2317 874 2401 paulumque
902 2337 923 2378 a
949 2316 1131 2400 majoribus

100 2403 220 2464 castris
242 2422 443 2485 progressus
467 2402 569 2465 aciem
590 2403 760 2474 instruxit,
783 2402 939 2465 hostibus
962 2399 1131 2486 pugnandi

97 2493 296 2570 potestatem
320 2485 406 2549 fecit.
450 2485 515 2550 Ubi
537 2508 579 2549 ne
602 2494 671 2549 tum
693 2486 827 2569 quidem
850 2508 908 2550 eos
932 2485 1068 2570 prodire
1082 2487 1131 2548 in-

98 2569 234 2646 tellexit,
257 2571 407 2635 ²circiter
428 2571 596 2635 meridiem
619 2573 798 2635 exercitum
808 2573 843 2634 in
858 2578 969 2634 castra
988 2570 1130 2634 reduxit.

97 2653 185 2718 Tum
208 2655 339 2718 demum
360 2656 548 2720 Ariovistus
571 2665 698 2740 partem
711 2678 844 2719 suarum
857 2657 1033 2740 copiarum,
1046 2676 1131 2738 quae

98 2747 209 2802 castra
228 2741 355 2804 minora
366 2749 582 2827 oppugnaret,
604 2743 700 2805 misit.
745 2742 876 2805 Acriter
897 2741 1060 2823 utrimque
1075 2763 1131 2804 us·

98 2844 163 2908 que
196 2824 240 2888 ad
267 2847 442 2909 vesperum
470 2835 649 2911 pugnatum
678 2837 737 2890 est
793 2826 882 2890 Solis
906 2847 1027 2889 occasu
1050 2846 1130 2888 suas

99 2909 212 2993 copias
235 2909 422 2974 Ariovistus
446 2912 556 2974 multis
580 2920 613 2974 et
640 2911 739 2975 illatis
763 2919 797 2974 et
819 2911 963 2996 acceptis
986 2910 1129 2973 vulneri·

98 2994 216 3058 busin
245 3003 355 3059 castra
380 2995 522 3060 reduxit.
573 2995 683 3075 Quum
716 3018 758 3060 ex
786 2997 925 3080 captivis
955 3003 1130 3077 quaereret

98 3077 229 3154 Caesar,
253 3100 350 3162 quam
372 3083 508 3145 obrem
529 3080 717 3145 Ariovistus
751 3081 880 3165 proelio
912 3101 981 3142 non
1015 3080 1129 3144 decer-

97 3171 191 3239 taret,
213 3164 298 3228 hane
319 3168 505 3249 reperiebat
526 3187 671 3242 causam,
696 3166 788 3248 quod
823 3164 914 3249 apud
944 3163 1127 3228 Germanos

98 3269 137 3312 ea
158 3251 365 3314 consuetudo
389 3260 492 3326 esset,
520 3259 557 3315 ut
584 3251 846 3315 matresfamiliae
874 3271 987 3315 eorum
1010 3250 1129 3312 ³sorti-

96 3334 160 3397 bus
189 3342 222 3398 et
249 3335 534 3400 vaticinationibus
569 3336 788 3411 declararent,
821 3345 933 3400 utrum
965 3335 1128 3418 proelium

97 3420 255 3483 committi
277 3442 317 3483 ex
340 3443 403 3483 usu
426 3429 599 3485 essetnec
627 3444 683 3497 ne:
713 3442 769 3484 eas
797 3422 844 3484 ita
873 3420 997 3484 dicere:
1029 3421 1128 3484 4Νοη

97 3524 172 3568 esse
194 3503 245 3568 fas
276 3503 458 3569 Germanos
488 3527 659 3589 superare,
693 3506 722 3570 si
755 3514 831 3570 ante
863 3526 984 3569 novam
1016 3504 1128 3568 lunam

96 3589 224 3672 proelio
247 3589 502 3654 contendissent.

140 3673 190 3736 51.
235 3673 401 3739 Postridie
424 3677 495 3761 ejus
510 3675 573 3738 diei
590 3674 712 3739 Caesar
733 3674 955 3759 ¹praesidium
976 3673 1127 3756 utrisque

97 3758 216 3820 eastris
240 3759 331 3841 quod
354 3760 434 3823 satis
458 3782 533 3824 esse
554 3760 662 3824 visum
685 3769 737 3823 est
757 3761 898 3844 reliquit,
922 3781 1036 3824 omnes
1060 3759 1127 3822 ala-

96 3841 165 3904 rios
187 3841 221 3905 in
244 3852 424 3929 conspectu
445 3845 592 3910 hostium
613 3866 676 3930 pro
699 3846 825 3910 eastris*
840 3846 1020 3910 minoribus
1048 3866 1126 3908 con·
