2468 4312
427 223 488 265 arr.
511 223 543 264 11.
588 221 656 263 cnr.
680 197 816 264 ‘27-32.
1087 201 1126 266 41

97 354 241 504 omniutm
262 377 344 440 pace
378 353 467 418 facta
497 352 586 418 hunc
615 352 678 416 sibi
707 350 873 417 domicilio
901 351 1011 415 locum
1041 352 1129 417 delo-

95 462 202 526 gerun

139 541 192 605 30.
237 540 300 604 ¹Ac
321 540 427 626 primo
451 539 596 604 adventu
619 540 784 603 exercitus
803 539 910 601 nostri
933 538 1065 601 crebras
1088 559 1128 601 ex

96 623 224 711 oppido
248 627 461 689 excursiones
484 625 648 689 faciebant
670 623 883 708 parvulisque
906 623 1040 708 proeliis
1057 645 1130 686 cum

95 711 221 773 nostris
245 710 502 786 contendebant3
525 717 644 794 postea
666 709 755 772 vallo
787 708 908 792 pedum
932 730 978 770 xn
1011 708 1045 770 in
1067 708 1128 770 cir·

13 872 17 879 .
96 796 188 858 cuitu
210 795 398 878 quindecim
419 795 542 859 milium
565 795 753 876 crebrisque
776 794 922 855 castellis
938 794 1129 856 circummu-

95 880 156 943 niti
177 880 303 963 oppido
327 901 402 943 sese
425 881 643 943 continebant.
688 878 752 942 Ubi
775 878 879 940 vineis
906 879 986 940 actis
1010 898 1129 962 aggere

96 973 268 1028 exstructo
291 965 408 1028 turrim
434 965 552 1049 procul
587 964 742 1027 constitui
775 962 937 1036 viderunt,
970 962 1130 1046 ²primum

94 1048 234 1112 irridere
256 1071 299 1112 ex
320 1068 414 1112 muro
438 1058 538 1132 atque
548 1049 743 1132 increpitare
758 1048 906 1122 vocibus
930 1046 1023 1131 quod
1037 1056 1130 1112 tauta

96 1134 293 1197 machinatio
327 1136 368 1198 ab
402 1142 494 1197 tanto
524 1134 632 1217 spatio
665 1134 897 1207 instrueretur3
933 1133 1129 1215 quibusnam

95 1220 247 1282 manibus
270 1228 328 1282 aut
349 1220 469 1303 quibus
492 1220 617 1282 viribus
640 1219 835 1302 praesertim
856 1216 1005 1279 homines
1021 1225 1129 1280 tantu·

95 1304 149 1367 lae
171 1311 318 1366 statinae
343 1341 378 1352 -
404 1325 478 1366 nam
501 1303 695 1388 plerumque
728 1302 880 1365 omnibus
915 1301 1019 1364 Gallis
1048 1321 1129 1384 prae

96 1388 320 1474 magnitudine
353 1410 531 1472 corporum
564 1409 699 1452 suorum
733 1388 879 1450 brevitas
913 1396 1029 1449 nostra
1051 1407 1129 1450 con·

95 1474 235 1557 temptui
257 1482 309 1536 est
333 1511 369 1520 —
395 1474 477 1536 tanti
510 1473 619 1537 oneris
641 1473 756 1536 turrim
777 1473 811 1535 in
833 1493 945 1534 muros
970 1492 1046 1534 sese
1061 1470 1128 1534 col·

95 1558 208 1622 locare
231 1557 455 1622 confiderent?

140 1675 191 1741 31.
235 1674 301 1740 Ubi
323 1699 403 1740 vero
432 1677 557 1741 moveri
591 1686 623 1740 et
656 1676 923 1760 appropinquare
956 1673 1129 1736 moenibus

96 1760 260 1832 viderunt,
282 1783 369 1825 nova
392 1770 492 1846 atque
514 1762 669 1826 inusitata
692 1761 801 1846 specie
824 1760 978 1823 commoti
1000 1759 1129 1843 legatos

97 1845 141 1909 ad
164 1845 337 1910 Caesarem
361 1845 403 1910 dc
425 1869 507 1932 pace
529 1847 696 1921 miserunt,
731 1847 787 1930 qui
809 1846 852 1908 ad
874 1845 962 1908 hunc
994 1842 1128 1906 modmn

97 1931 214 1994 locuti:
239 1931 332 1996 ¹Non
354 1935 535 2012 existimare,
558 1934 717 1996 Romanos
737 1933 802 1994 sine
824 1931 998 2015 opediuina
1021 1929 1130 1992 beilum

95 2039 207 2100 perere,
231 2019 284 2102 qui
306 2028 411 2081 tantae
442 2017 612 2081 altitudinis
646 2014 888 2080 machinationes
916 2026 1002 2078 tanta
1025 2014 1129 2077 ceteri·

97 2110 157 2164 tate
172 2124 354 2186 promiscere
369 2113 511 2187 possent,
531 2126 563 2164 se
583 2125 699 2188 suaque
726 2104 831 2165 omnia
859 2123 963 2164 eorum
985 2100 1131 2184 potestati

91 2188 270 2271 permittere
292 2185 454 2251 dixerunt.
499 2187 623 2250 ²Unum
639 2197 744 2271 petere
766 2210 804 2250 ac
826 2187 1003 2270 deprecari:
1024 2186 1051 2246 si
1055 2183 1129 2269 for-

97 2282 124 2334 te
139 2294 203 2356 pro
225 2295 283 2334 ma
305 2273 462 2336 clementia
485 2295 523 2335 uc
543 2272 781 2352 marisuetudiue,
805 2294 898 2357 quam
920 2272 983 2354 ipsi
1003 2269 1042 2331 ab
1058 2268 1130 2331 aliis

98 2357 247 2437 audirent,
270 2359 425 2437 statuisset,
449 2357 625 2420 Aduatucos
646 2380 707 2419 esse
729 2355 957 2435 aamervandos,
980 2377 1018 2416 ne
1032 2377 1063 2416 se
1076 2376 1129 2416 ar·

96 2443 155 2505 mis
177 2442 368 2526 despoliaret.
413 2441 483 2506 Sibi
504 2463 605 2504 omnes
627 2441 700 2528 sere
723 2444 876 2530 finitimos
909 2464 968 2502 esse
990 2440 1130 2502 inimicos

98 2549 136 2590 aa
156 2551 231 2590 suae
262 2529 366 2590 uirtuti
397 2526 550 2608 invidere,
583 2527 733 2612 aquibus
765 2551 796 2589 se
817 2526 976 2612 defendere
1009 2523 1130 2588 traditu

98 2614 196 2676 armis
216 2635 279 2674 non
295 2623 427 2696 possent.
472 2611 542 2676 Sibi
556 2623 728 2697 praestare,
757 2614 785 2674 si
806 2613 839 2674 in
862 2635 929 2674 erint
953 2633 1056 2672 casum
1078 2609 1129 2671 de-

97 2697 284 2776 ducerentur,
322 2699 462 2782 quamais
484 2696 651 2783 fortunam
684 2721 704 2760 a
731 2698 851 2782 populo
887 2698 1029 2759 Romana
1058 2696 1131 2778 pati

97 2805 191 2869 quarn
214 2782 253 2845 ab
275 2781 322 2845 tiis
337 2805 400 2867 per
422 2785 592 2846 cruciatum
614 2783 751 2873 interfici,
775 2784 853 2845 inter
875 2803 948 2867 patos
974 2781 1130 2843 dorrsinari

97 2878 290 2931 corasuessent.

141 2982 191 3048 32.
236 2983 312 3047 ¹Ad
333 2983 417 3047 haec
439 2982 561 3048 Caesar
582 2984 770 3068 respondit:
792 2983 834 3047 Se
854 2986 954 3067 napis
976 2994 1129 3046 consuetu·

97 3069 169 3132 dine
189 3092 255 3149 sua,
279 3093 373 3155 quam
392 3072 500 3133 merito
521 3092 633 3149 eorum,
656 3071 805 3132 civitatem
828 3080 1081 3149 comeroaturum,
1102 3069 1131 3130 si

95 3157 195 3238 prius,
229 3177 323 3253 quam
354 3178 476 3218 amram
510 3156 591 3218 aries
624 3156 773 3237 attipisset,
796 3178 827 3217 se
848 3154 1045 3234 dedidissent,·
1077 3153 1130 3216 sed

97 3238 259 3302 deditionis
280 3240 400 3303 nullam
421 3262 483 3303 esse
505 3240 713 3314 conditionem,
735 3241 797 3302 nisi
819 3241 916 3302 amnis
937 3239 1065 3301 traditis.
1089 3237 1130 3301 Se

98 3323 139 3396 id,
161 3323 263 3409 2φιοά
272 3327 306 3386 in
320 3327 446 3388 Neruiis
457 3325 587 3409 fecisset,
601 3326 764 3410 jacturam
777 3326 980 3412 finitimisque
994 3325 1128 3406 impera-

97 3418 218 3489 turus,-
230 3431 269 3471 ne
289 3431 384 3494 queam
404 3410 554 3473 dediticiis
570 3411 684 3493 popuii
704 3411 843 3473 Romani
862 3409 1011 3489 injuriam
1033 3407 1129 3493 infer·

98 3504 173 3556 rent
217 3492 266 3556 Re
288 3496 442 3558 nunciata
464 3494 508 3558 ad
530 3514 620 3568 suos
643 3495 742 3580 ³quae
763 3496 997 3576 imperarentur,
1018 3491 1129 3577 sacae

98 3576 260 3641 dixerunt.
304 3578 479 3643 Armorum
513 3600 631 3663 magna
661 3578 870 3641 multitudine
904 3576 946 3638 de
978 3597 1072 3639 muro
1095 3577 1128 3640 in

97 3661 232 3737 fossam,
255 3686 340 3747 quae
363 3673 434 3729 erat
461 3673 536 3727 ante
559 3662 726 3747 oppidum,
755 3663 855 3746 jacta,
889 3661 937 3725 sic
964 3669 1001 3724 ut
1023 3683 1128 3746 prope

98 3769 256 3813 summam
277 3751 362 3815 muri
384 3750 580 3834 aggerisque
602 3748 804 3812 altitudinem
827 3746 937 3810 acervi
964 3767 1127 3811 armorum

98 3831 330 3918 adaequarent,
354 3842 518 3899 ettamen
540 3833 667 3898 circiter
689 3840 783 3918 parte
811 3833 916 3908 tertia,
944 3839 982 3896 ut
1009 3840 1128 3917 postca
