2468 4312
98 207 141 274 42
451 229 493 270 ns
515 227 618 270 asaro
641 224 778 270 clauco

99 367 310 507 perspectum
334 366 394 433 est,
417 359 522 422 celata
544 366 643 442 atquc
670 358 703 421 in
727 356 851 442 oppido
874 364 1002 420 retenta
1023 356 1130 440 portis

99 453 176 531 pate
191 446 272 509 actis
297 466 336 507 eo
361 444 413 507 die
436 465 517 527 pace
541 452 617 506 sunt
639 443 699 505 usi.

143 531 194 594 33.
238 530 307 593 Sub
331 549 506 612 vesperum
529 527 650 591 Caesar
672 535 787 611 portas
811 526 919 590 claudi
946 527 1131 610 militesque

101 637 143 677 cx
166 614 291 698 oppido
315 614 405 676 exire
422 613 533 698 jussit,
561 634 603 675 ne
632 633 729 695 quam
758 620 859 675 noctu
888 610 1046 695 oppidani
1069 610 1130 674 ¹ab

99 699 257 763 militibus
280 698 431 783 injuriam
454 699 647 781 acciperent.
691 697 743 760 llli
766 706 841 760 ante
862 697 952 771 init0,
975 705 1012 760 ut
1036 696 1131 758 intel·

97 784 219 848 lectum
254 792 319 856 est,
354 783 509 857 consilio,
546 781 637 864 quod
670 781 839 845 deditione
872 780 961 844 facta
993 788 1129 844 nostros

99 867 284 953 ²praesidia
308 866 511 931 deducturos
535 879 592 929 aut
615 865 756 950 denique
777 866 1000 951 indiligentius
1019 886 1131 928 serva·

98 961 193 1016 turos
217 952 433 1027 crediderant,
456 951 574 1035 partim
597 972 670 1013 cum
692 952 754 1026 his,
779 972 863 1035 quae
884 951 1086 1014 retinuerant
1098 959 1131 1013 et

99 1039 295 1111 celaverant,
318 1037 425 1111 armis,
447 1036 567 1120 partim
596 1036 699 1098 scutis
728 1057 771 1100 ex
799 1035 921 1099 cortice
948 1034 1044 1098 factis
1073 1043 1131 1098 aut

99 1122 293 1185 ³viminibus
315 1121 459 1196 intextis
483 1141 567 1203 quae
590 1121 710 1196 subito,
732 1128 770 1183 ut
791 1121 948 1204 temporis
968 1121 1129 1205 exiguitas

98 1207 300 1292 postulabat,
324 1207 466 1290 pellibus
489 1204 694 1280 induxerant,
717 1207 814 1268 tertia
835 1206 953 1289 vigilia,
974 1207 1062 1288 ⁴qua
1072 1205 1130 1267 mi·

98 1293 185 1355 nime
207 1290 332 1354 arduus
355 1290 399 1354 ad
421 1299 555 1353 nostras
583 1291 780 1353 munitiones
809 1311 967 1353 ascensus
996 1289 1130 1353 videba-

97 1384 162 1452 tur,
185 1377 336 1439 omnibus
366 1376 470 1459 copiis
498 1375 670 1459 repentino
700 1396 742 1437 ex
770 1375 896 1472 oppido
926 1375 1130 1458 eruptionem

97 1460 255 1525 fecerunt.
299 1459 487 1534 ⁵Celeriter,
509 1469 547 1523 ut
569 1467 644 1523 ante
657 1459 779 1523 Caesar
791 1467 976 1544 imperarat,
998 1460 1129 1544 ignibus

98 1545 336 1631 significatione
358 1545 446 1608 facta
468 1567 511 1607 ex
532 1545 691 1628 proximis
715 1544 859 1608 castellis
877 1567 915 1608 eo
932 1565 1130 1607 concursum

99 1638 160 1706 est,
183 1639 429 1728 pugnatumque
451 1630 492 1692 ab
515 1629 669 1694 hostibus
691 1630 738 1692 ita
759 1630 876 1693 acriter
899 1637 959 1704 cst,
981 1637 1019 1692 ut
1041 1650 1060 1691 a
1083 1630 1129 1691 vi-

96 1716 143 1779 ris
166 1714 309 1778 fortibus
331 1716 365 1778 in
387 1722 533 1778 extrema
555 1735 616 1798 spe
638 1714 755 1777 salutis
778 1715 891 1798 iniquo
914 1715 990 1777 loco
1014 1725 1131 1776 contra

97 1821 167 1876 eos,
200 1801 257 1882 qui
290 1821 331 1862 ex
363 1800 452 1862 vallo
485 1799 698 1884 turribusque
720 1799 787 1862 tela
803 1799 961 1884 jacerent,
990 1799 1129 1884 pugnari

98 1884 221 1959 debuit,
245 1905 345 1968 quum
372 1885 407 1947 in
432 1905 499 1947 una
525 1884 648 1947 virtute
676 1885 781 1947 omnis
808 1906 887 1968 spes
911 1884 1027 1947 salutis
1051 1905 1128 1947 con·

98 1969 239 2032 sisteret.
284 1967 414 2031 Occisis
437 1968 501 2031 'ad
523 1968 690 2033 hominum
712 1969 842 2032 milibus
873 1977 1029 2054 quattuor
1054 1968 1128 2031 reli·
1184 1970 1186 1974 ’

121 2054 155 2117 ui
176 2055 209 2116 in
233 2052 392 2137 oppidum
413 2053 527 2137 rejecti
549 2062 635 2116 sunt.
680 2053 867 2118 ⁸Postridie
890 2055 962 2139 ejus
991 2052 1056 2116 diei
1077 2074 1128 2116 re-

96 2073 210 2201 iiactis
233 2139 348 2221 portis,
383 2159 484 2221 quum
507 2138 577 2222 jam
607 2136 799 2201 defenderet
826 2160 931 2214 nemo,
958 2146 1058 2220 atque
1080 2138 1128 2200 in·

98 2223 263 2286 tremissis
286 2223 443 2286 militibus
466 2224 589 2286 nostris
613 2224 792 2286 sectionem
815 2222 886 2307 ejus
910 2223 1025 2308 oppidi
1058 2223 1128 2285 uni·

97 2329 228 2370 versam
251 2305 372 2370 Caesar
394 2307 552 2371 vendidit.
596 2307 648 2370 Ab
670 2309 733 2383 his,
767 2308 823 2390 qui
852 2315 1004 2382 emerant,
1041 2308 1128 2391 capi·

96 2400 166 2456 tum
189 2414 343 2456 numerus
366 2391 407 2455 ad
433 2413 507 2456 eum
528 2393 652 2456 relatus
676 2399 728 2455 cst
748 2393 871 2456 milium
893 2393 1128 2478 quinquaginta

96 2479 203 2541 trium.

141 2563 191 2626 34.
235 2561 364 2625 Eodem
385 2570 535 2647 tempore
557 2583 576 2624 a
597 2561 717 2626 Publio
746 2560 878 2637 Crasso,
908 2562 1025 2646 lquem
1053 2583 1127 2625 cum

97 2645 227 2732 legione
249 2669 315 2710 una
347 2649 480 2711 miserat
513 2647 557 2711 ad
589 2647 747 2722 Venetos,
779 2646 928 2722 Unellos,
963 2646 1126 2722 OsismoS,

98 2730 327 2806 Coriosolitas,
351 2733 525 2808 ³Esuvios,
548 2732 720 2808 Aulercos,
742 2731 909 2808 Redones,
932 2733 1128 2816 ³quaesunt

97 2817 275 2879 maritimae
298 2817 447 2880 civitates
471 2816 704 2902 Oceanumque
730 2818 901 2902 attingunt,
931 2818 1051 2880 certior
1079 2817 1127 2880 fa-

98 2911 172 2963 ctus
196 2911 256 2976 est,
279 2923 392 2964 omnes
428 2924 483 2965 eas
518 2903 667 2966 civitates
700 2903 734 2965 in
757 2902 956 2966 deditionem
978 2910 1130 2986 potesta·¹

97 2994 228 3068 temque
250 2987 365 3071 populi
386 2986 526 3051 Romani
549 3009 623 3051 esse
645 2987 806 3051 redactas.

140 3071 190 3133 35.
235 3070 297 3133 His
319 3073 420 3135 rebus
443 3073 547 3158 gestis
570 3073 656 3135 omni
685 3071 793 3135 Gallia
813 3079 931 3157 pacata
952 3080 1044 3136 tanta
1065 3073 1126 3137 hu-

91 3155 149 3239 jus
172 3156 251 3219 belli
272 3156 316 3219 ad
338 3158 498 3221 barbaros
523 3157 634 3241 opinio
662 3157 790 3240 perlata
823 3165 883 3232 est,
916 3158 963 3220 uti
997 3159 1038 3220 ab
1071 3157 1125 3220 his

96 3241 294 3316 nationibus,
318 3241 422 3324 lquae
444 3251 536 3306 trans
565 3241 714 3305 Rhenum
743 3241 932 3317 incolerent,
962 3243 1126 3305 mitteren-

96 3333 150 3386 tur
171 3327 270 3412 legati
294 3327 337 3389 ad
360 3325 542 3402 Caesarem,
571 3327 627 3410 qui
650 3348 687 3390 se
710 3325 847 3389 obsides
876 3326 1021 3401 daturas,
1048 3327 1126 3391 ²im·

96 3426 208 3491 perata
225 3410 370 3474 facturas
387 3412 629 3495 pollicerentur.
675 3410 766 3490 Quas
790 3412 971 3496 legationes
995 3410 1126 3487 Caesar,

98 3493 189 3576 quod
211 3496 243 3557 in
265 3496 393 3559 ltaliam
414 3497 648 3581 Illyricumque
669 3497 879 3581 properabat,
912 3497 991 3559 inita
1013 3499 1126 3580 proxi-

96 3597 150 3640 ma
171 3589 296 3643 aestate
319 3581 362 3643 ad
375 3583 543 3645 sereverti
560 3581 671 3665 jussit.
716 3581 793 3664 Ipso
814 3581 849 3644 in
871 3579 1041 3656 Carnutes
1059 3582 1126 3645 An·

98 3660 167 3736 des,
190 3662 352 3739 Turones
374 3668 545 3750 ⁴quaeque
568 3667 717 3729 civitates
739 3667 945 3750 propinquae
966 3667 1019 3729 his
1041 3667 1125 3731 locis

98 3755 198 3821 erant,
221 3751 277 3814 ubi
304 3750 426 3815 bellum
454 3760 612 3837 gesserat,
641 3751 825 3836 legionibus
852 3752 886 3814 in
913 3751 1127 3816 hibernacula

98 3827 249 3901 deductis
282 3836 316 3900 in
347 3836 473 3901 Italiam
506 3835 676 3922 profectus
704 3845 764 3912 cst,
794 3838 837 3900 ob
861 3857 984 3920 easque
1005 3859 1060 3901 res
1084 3859 1126 3902 ex
